3030 4864
283 291 1008 532 nnnnATio.

175 616 230 706 in
286 605 495 728 litteris,
566 641 666 744 qua:
709 601 975 742 respondent
1023 613 1100 727 iis,

178 783 295 884 quae
338 757 393 844 in
427 743 714 844 schematibus
749 753 848 842 lunt
883 745 1105 880 expreilae,

181 921 305 1023 quae
372 882 500 982 lineas
560 887 803 982 necellarias
861 877 1109 1017 figurarum

189 1059 481 1121 annexarum
544 1019 817 1139 declarant,
887 1029 1116 1154 corrigere-

64 1246 79 1274 ,
194 1156 363 1257 sedulo
410 1159 597 1259 studui:
661 1169 727 1260 uri
777 1177 822 1258 dc
874 1169 1109 1260 citationes
1219 1241 1222 1249 Α

199 1333 368 1399 omnes
407 1305 455 1398 in
506 1306 705 1435 margine
743 1293 943 1432 pomae,
991 1293 1110 1399 male

200 1433 400 1554 allatas,
463 1441 684 1536 restituere
732 1442 864 1536 omni
910 1467 996 1574 ope
1036 1443 1109 1536 ni·
1187 1453 1189 1460 ’

199 1571 271 1671 sus
310 1573 417 1694 fui3
482 1577 597 1672 forre
637 1577 710 1675 hic
747 1575 814 1674 vel
854 1568 942 1672 illic
981 1607 1112 1674 men-

198 1712 321 1811 dum
387 1710 573 1850 aliquod
620 1706 828 1811 temanstt
866 1763 890 1834 3·
949 1742 1111 1813 verum
1207 1715 1210 1720 ’

198 1861 308 1987 quis
348 1887 507 1950 omnes
542 1857 684 1988 potest
721 1887 871 1949 cavere
908 1875 1108 1950 errores?

203 2025 318 2086 cum
370 2025 425 2084 ne
474 1995 619 2120 Argus
663 1989 849 2130 quidem
881 1987 1107 2092 sufficeret.

147 2117 153 2126 ’
204 2125 263 2225 ld
304 2121 454 2224 finirem
493 2125 656 2248 effeci,
728 2160 778 2225 ut
829 2162 951 2226 nunc
991 2127 1110 2229 mul·

202 2299 257 2363 to
342 2271 639 2384 corrediior,
722 2301 862 2402 quam
944 2272 1110 2400 priores

203 2437 369 2502 omnes
421 2403 568 2502 clarii
624 2405 851 2502 Editiones
874 2479 891 2522 ‚
962 2403 1111 2506 lucem

204 2539 428 2676 adspiciat.
501 2543 618 2640 Sexto
660 2553 874 2675 Figuras,
924 2541 978 2635 ad
1006 2569 1112 2676 pro·

209 2675 484 2813 pofitionum
533 2679 873 2817 intelligentiam
934 2677 1110 2780 facilem

208 2815 482 2918 reddendam
508 2894 521 2934 ‚
571 2819 987 2936 accommodatas,
1050 2817 1111 2918 se-

211 2967 406 3088 paratim⁴
430 2965 502 3054 aeri
543 2955 681 3056 incidi
715 2967 904 3077 curavi3
974 2969 1021 3060 in
1059 2967 1109 3059 iis

208 3093 524 3212 elaborandis,
594 3091 641 3193 id
709 3101 953 3232 praeprimis
1023 3099 1111 3194 stu-

214 3226 293 3329 dui
330 3309 345 3352 ,
417 3263 466 3332 ut
513 3235 626 3332 clare
677 3249 721 3332 δι
767 3232 972 3334 distinete
1005 3265 1110 3333 ante

207 3365 363 3468 oculor
401 3400 623 3507 ponerent
665 3449 679 3490 ,
752 3404 911 3472 omnes
974 3371 1109 3474 lineas

200 3507 263 3609 acl
313 3515 690 3612 constanstionem
725 3592 739 3632 ‚
811 3549 865 3612 ac
910 3511 967 3612 ad
1015 3521 1107 3644 ejus

201 3648 585 3788 compositionem
612 3647 867 3755 necellarias
895 3687 909 3777 ς
957 3678 1014 3749 ne
1034 3647 1110 3750 ve'.

1056 3829 1108 3894 to
