3030 4864
243 268 294 437 s
325 313 388 436 u
418 307 575 432 uu
609 305 679 431 A·
707 259 768 428 'T
798 200 949 430 10‘

146 581 209 678 est
256 574 477 713 probatio,
551 567 905 712 Denique'licet
944 571 1052 676 Class
1123 627 1125 632 ·

147 727 209 816 vii
269 721 634 812 Commentarius
704 719 766 810 in
822 711 1052 814 Elementa

151 849 346 952 Euclidis
396 846 446 946 lu
499 858 629 946 omni
677 847 1049 986 laudt'dignus·,
1116 855 1119 863 ‘

152 1024 307 1089 tamen
361 987 614 1116 Tyronibus
663 985 857 1125 prolixus
919 999 1053 1088 nimi-

102 1125 109 1136 ’
158 1164 239 1226 um
275 1129 372 1243 est,
422 1122 454 1221 si
495 1161 657 1266 nempe
696 1125 851 1224 oculos
882 1133 1051 1226 nostros
1118 1157 1121 1165 ·

158 1298 465 1364 convertamus
506 1260 572 1361 vel
624 1273 672 1360 in
715 1259 1052 1364 Definitionum

159 1399 489 1539 expositiones,
538 1397 605 1498 vel
633 1411 679 1500 in
707 1438 796 1519 ea,
844 1439 942 1540 quae
968 1401 1056 1506 stn-
1171 1463 1176 1475 ·

156 1539 270 1677 gulis
317 1536 405 1636 fere
459 1537 659 1663 adjunxit
716 1541 1057 1641 demonstratio-

159 1681 289 1778 nibus
341 1676 713 1814 proposttiomim.
774 1685 848 1779 En
900 1714 1058 1817 quam-

41 1823 43 1826 ’
156 1824 306 1918 visin
344 1827 384 1914 le
421 1819 542 1914 bona
580 1832 624 1914 δι
664 1811 880 1916 laudanda
920 1826 1057 1934 lunt,

162 1962 426 2087 incipientes
456 1987 626 2055 *tamen
666 2032 680 2073 ,
737 1961 814 2092 qui
858 1945 1061 2056 Eucliden

164 2092 395 2192 Elementa
450 2091 808 2230 iciuncupiunt,
858 2102 907 2192 iis
944 2131 1063 2200 (ατε,

15 2276 20 2286 ·
161 2267 209 2329 re
250 2232 457 2365 pollunt3
506 2265 613 2327 cum
650 2229 770 2330 haud
798 2267 896 2328 tato
924 2229 1060 2350 tales,

163 2367 405 2500 multiplici
458 2375 688 2486 materia,
751 2404 893 2503 quam¹
928 2376 975 2465 in
1013 2375 1064 2465 iis

164 2503 389 2620 adducit,
439 2507 730 2620 obruuntur,
782 2539 875 2604 non
915 2503 1067 2604 distin·
1132 2604 1141 2616 ,

83 2757 88 2766 ,
165 2676 353 2780 guentes
388 2677 438 2737 ea
479 2679 578 2778 quae
630 2639 863 2762 melidis,
911 2643 966 2742 ab
1016 2651 1067 2741 iis

168 2815 268 2917 qnae
326 2777 505 2878 Clanius
559 2777 613 2875 de
664 2784 703 2878 le
740 2778 949 2900 addidit,
1000 2777 1071 2880 vel

27 2921 36 3050 J
174 2954 225 3015 ex
292 2917 384 3016 aliis
455 2951 618 3016 mutuo
669 2915 914 3038 desumfit3
965 2919 1072 3017 hinc
1173 3027 1175 3032 ,

177 3063 371 3154 miram
412 3057 667 3188 Tyronibus
705 3052 935 3172 confufio,
974 3089 1073 3195 quae

181 3227 283 3291 cane
319 3200 446 3329 pejor
493 3211 538 3290 δι
595 3227 739 3329 angue
789 3193 980 3298 detetiot
1024 3205 1074 3290 in
1115 3301 1119 3312 ¹

171 3329 369 3432 Mathefi
422 3328 628 3431 evitanda
666 3405 680 3448 ,
735 3366 785 3430 ac
834 3337 966 3428 omui
1001 3365 1079 3427 co·

165 3499 293 3569 natu
342 3468 550 3570 cavenda.
625 3475 738 3592 Quae
797 3477 952 3566 omnia
1003 3465 1080 3567 etsi

161 3645 284 3709 cum
336 3617 491 3710 animo
548 3641 653 3704 meo
708 3599 947 3741 laepiuscule
986 3605 1084 3706 vol-

538 3741 627 3853 ††
664 3783 682 3871 3
1014 3777 1088 3842 ve-
