3030 4864
511 251 643 307 snum
665 242 822 320 nuruis
852 253 1100 334 nonnemo
1118 234 1368 338 rusromc'n
1503 235 1506 298 '³

512 419 650 520 QUET
673 431 707 498 ln
731 436 887 527 Hostorica
911 467 1014 517 norro
1038 449 1077 520 a'e
1099 472 1164 522 ortu
1199 464 1246 524 θ’
1261 451 1408 551 progressis
1507 399 1508 411 ¹

510 521 651 619 Morbus
676 527 800 635 aliique
820 535 946 632 plures.
1507 591 1508 630 2

558 707 598 800 §-
625 719 724 800 XIV.
748 727 835 803 Hoc
861 757 947 808 vero
971 735 1230 815 Elementorum
1254 765 1406 838 corpus,
1508 831 1509 848 i

507 808 694 896 secundum
727 825 915 905 multorum
949 835 1142 912 Doslorum
1182 837 1405 932 sententiam,
1508 857 1509 924 ἶ

505 911 649 988 Euclides
690 919 803 998 divisit
847 926 885 1002 in
935 932 1096 1008 Treuero
1133 937 1236 1009 libros
1266 963 1277 1028 3
1325 939 1406 1012 licet

505 1009 612 1107 vulgo
662 1015 683 1088 ὲ
730 1023 905 1099 nonnullis
951 1035 1130 1128 quindecim·
1160 1057 1407 1112 enumerentur

505 1103 768 1192 Elementorum
806 1121 919 1199 libri:
965 1125 1073 1202 immo
1119 1131 1155 1204 in
1204 1131 1407 1230 quibusdam

393 1237 396 1246 =
506 1209 759 1304 exemplaribus
788 1219 925 1294 Sedecim
955 1228 1094 1298 Euclidis
1124 1253 1252 1303 nomen
1277 1229 1405 1306 ferunt.

504 1299 649 1420 Verum·
673 1311 831 1391 observat
863 1321 1064 1398 VOSSIUS
1091 1327 1130 1396 de
1159 1333 1268 1400 Sciens.
1294 1331 1404 1402 Moth.

503 1421 567 1499 cup.
590 1427 645 1478 xv.
670 1407 700 1508 s.
730 1435 762 1505 3.
806 1418 937 1492 etiamsi
968 1423 1067 1495 multi
1099 1445 1222 1520 putent
1245 1427 1405 1502 Elemen-

502 1513 540 1572 ta
571 1497 647 1576 haec
677 1507 836 1586 constare
866 1515 958 1590 libris
990 1543 1044 1592 xv.
1076 1543 1151 1593 rem
1183 1543 1402 1600 tamennon

501 1593 551 1768 ista
572 1623 728 1772 apiersstam
741 1607 831 1780 diessp
857 1610 1277 1790 dridwilsysriſtressiss'
1328 1623 1404 1733 Arr-

500 1719 739 1892 'allmquilddirln
752 1713 1008 1902 achardum,
1038 1771 1170 1910 prabet
1203 1739 1401 1890 Thlhuliluisrl

340 1950 344 1958 .
498 1892 661 1964 Euclidem
732 1899 1021 1982 Commentarius.
1099 1911 1237 1984 Etenim
1295 1911 1400 1984 Theon

425 2033 426 2038 ,
496 1989 771 2085 Alexandrinus,
822 2002 960 2075 Euclidis
996 2005 1256 2082 Elementorum
1297 2011 1401 2084 valde

496 2079 690 2180 studiosus,
724 2095 782 2192 qui
813 2121 856 2172 ea
889 2099 953 2174 suis
987 2103 1146 2199 exposuit
1185 2106 1398 2203 Discipulis,

494 2181 618 2258 claruit
658 2185 820 2276 Theodofio
860 2205 983 2299 Magno
1024 2201 1219 2300 imperante
1251 2260 1260 2290 ‚
1304 2228 1398 2278 anno

494 2279 622 2356 Christi
654 2307 735 2380 395.
768 2279 935 2388 mor'tuo,
971 2296 1019 2373 uti
1051 2299 1160 2373 refert
1190 2299 1397 2375 VOSSIUS

492 2379 550 2450 loc.
583 2385 635 2452 cit.
670 2408 733 2485 cap.
772 2395 827 2462 16.
859 2391 890 2492 ᾗ.
922 2419 957 2484 9.
1013 2392 1076 2470 Ille
1107 2419 1193 2470 vero
1224 2397 1329 2468 Theon
1360 2399 1399 2470 in

492 2474 663 2553 tredecim
707 2487 845 2556 Euclidis
889 2493 1022 2587 priores
1063 2492 1167 2566 libros
1199 2550 1209 2584 ,
1260 2515 1397 2568 tantum

493 2592 749 2651 commentatus
790 2583 840 2659 est
870 2611 881 2676 3
932 2589 980 2662 uti
1022 2595 1170 2690 componi
1208 2591 1399 2664 secundum
1462 2617 1466 2630 ·

429 2751 431 2758 Α
490 2665 624 2739 rheonis
655 2677 941 2844 expositionem,
981 2685 1100 2759 Editio
1133 2689 1399 2762 Elementorum

350 2773 354 2782 '
490 2765 633 2837 Euclidis
654 2788 690 2843 te
723 2793 808 2850 atur.
861 2781 940 2882 Qua
972 2783 1089 2882 itaque
1114 2785 1336 2880 expositione
1360 2785 1398 2857 in

426 2949 427 2952 Ἴ
490 2857 568 2933 haec
599 2865 781 2946 Elementa
812 2878 997 2954 manifesto
1029 2879 1192 2953 indicasse
1225 2883 1396 2972 videtur,

489 2955 579 3034 Eum
612 2965 779 3044 tredecim
816 2993 949 3050 tantum
979 2975 1156 3074 agnovisse
1189 2979 1293 3052 libros
1309 2978 1402 3052 Ele-

486 3079 687 3136 mentorum
712 3068 754 3139 ab
779 3069 922 3148 Euclide
944 3073 1172 3168 conscriptos.
1222 3077 1401 3150 Praeterea

485 3159 639 3230 Marinus
674 3163 894 3269 Philosophus,
925 3171 1032 3240 Procli
1062 3170 1218 3243 Diadtchu'
1250 3173 1400 3280 discipl}-

484 3250 562 3344 lus,
596 3257 688 3334 circa
719 3287 849 3342 annum
882 3263 1009 3338 Christi
1049 3287 1136 3356 500.
1167 3268 1325 3361 florens,
1364 3289 1403 3339 sn

483 3347 689 3433 Protheoria
713 3363 757 3434 ad
780 3363 874 3438 Data
899 3357 1081 3451 Euclidis,
1104 3365 1294 3442 Tredecim
1320 3365 1402 3473 Ele-

481 3472 682 3531 mentorum
718 3457 823 3534 libros
854 3455 995 3564 Euclidi
1020 3456 1242 3541 solummodo
1263 3461 1427 3540 tribuit.-

479 3545 556 3624 Tot
588 3553 695 3629 etiam
725 3555 802 3632 libri
833 3569 1089 3651 reperiuntur,
1122 3561 1159 3638 in
1192 3565 1398 3640 Elemento,

474 3667 554 3726 rum
575 3651 726 3728 Euclidis
750 3653 919 3732 versione
947 3649 1096 3734 Arabica
1127 3662 1305 3761 Nofiridioi
1329 3650 1398 3722 Tu-

1333 3749 1402 3846 um·
1501 3785 1503 3792 ι
