3140 4910
328 274 1123 392 iinuiouiurnsist

340 457 1006 540 Dauiuiulomx.

271 647 470 720 Perturbata
504 663 618 716 autem
643 639 823 738 proportio
847 637 923 729 est,
959 661 1039 712 cum
1063 638 1121 712 tri·

225 745 286 816 bus
319 743 434 838 politis
468 741 791 838 magnitudinibus,
825 736 863 809 ἃ
897 735 1003 828 aliis,
1046 759 1122 836 quae

224 840 288 911 sint
312 841 362 912 bis
387 839 603 912 multitudine
626 861 753 932 pares,
788 855 823 906 ut
847 835 881 906 in
907 835 1025 929 primis
1049 836 1123 934 qui·
1151 863 1155 882 ·

225 937 306 1008 dem
337 933 628 1034 magnitudinibus
661 934 693 1008 se
718 935 821 1020 habet
844 933 1052 1006 antecedens
1078 932 1122 1006 ad

228 1034 525 1131 consequentem,
554 1031 605 1104 ita
636 1031 672 1103 in
700 1029 855 1104 secundis
881 1029 1123 1128 stinguitudini·

167 1130 170 1136 ’
226 1132 289 1202 bus
315 1132 520 1204 antecedens
547 1130 589 1202 ad
615 1129 907 1226 consequentem:
942 1129 992 1200 Ut
1008 1147 1126 1202 autem

228 1227 263 1298 in
288 1229 405 1321 primis
432 1226 720 1324 magnitudinibus
743 1223 950 1320 consequens
968 1225 1011 1300 ad
1036 1223 1128 1300 aliud

228 1323 437 1420 quidpiam,
472 1323 518 1396 sic
555 1323 591 1396 in
638 1321 792 1399 secundis
838 1321 1128 1421 magnitudinibus

229 1421 320 1494 aliud
346 1421 520 1522 quidpiam
545 1422 588 1494 ad
609 1421 880 1496 antecedentem.

230 1605 291 1729 SI
310 1622 406 1670 autem
420 1603 486 1714 sit,
521 1599 769 1716 quemadmodum
796 1603 862 1686 A,
893 1597 1124 1714 admirari,
1186 1613 1277 1714 mi

294 1701 334 1766 ’ῐᾶ
350 1705 377 1767 F
383 1727 395 1778 ἱ
425 1700 542 1768 Deinde
565 1721 597 1770 ut
621 1725 654 1767 in
668 1721 777 1798 porris
796 1693 1048 1796 magnitudinibus
1070 1689 1233 1784 13,th111.
1262 1707 1267 1718 ”

230 1795 533 1889 sussurratio,
564 1798 650 1866 aliud
670 1796 849 1895 quidpiam,
879 1801 923 1864 ita
946 1794 1124 1888 inficiendis
1135 1762 1181 1840 fic·
1202 1783 1226 1822 ¹·
1295 1816 1301 1824 ·

231 1891 481 1988 magnitudinibus
501 1893 585 1960 aliud
614 1894 765 1992 quidpiam
790 1897 849 1975 D,
882 1892 922 1960 od
940 1899 981 1977 E,
1006 1913 1126 1964 antesa-

229 1991 347 2056 dentem
375 1991 641 2084 magnitudinem,
682 1988 894 2088 nuncupabitur
925 1990 1128 2088 hujuscemodi

224 2089 390 2184 proportio,
418 2083 610 2154 Perturbatus:
637 2087 716 2182 quod
727 2114 786 2155 non
795 2087 934 2179 feramur
953 2089 1034 2157 idem
1050 2087 1136 2158 orda·

228 2187 262 2248 iii
272 2181 503 2280 proportionibus
523 2183 782 2278 magnitudinum
805 2189 907 2282 quippe
927 2211 995 2254 cum
1014 2188 1147 2281 inpri-=

229 2287 286 2346 mis
307 2277 558 2378 magnitudinibus
577 2283 745 2372 conferatur
762 2301 863 2380 prima
883 2305 951 2349 turn
970 2278 1122 2366 l'ecuuda,

229 2398 259 2445 ot
285 2383 318 2444 iii
333 2375 609 2468 secundiisecundo
629 2403 696 2446 cum
715 2383 820 2462 teriio3
845 2375 951 2444 deindo
973 2381 1126 2476 inprimis

221 2474 353 2566 ficunda
366 2499 434 2544 oum
456 2477 560 2556 teriia,
585 2493 617 2540 at
640 2482 672 2542 in
678 2473 818 2564 feriandis
825 2479 925 2570 primo
939 2499 1007 2543 cuin
1014 2473 1124 2567 sicun-

227 2569 277 2641 de.
327 2570 458 2665 Quando
483 2572 576 2667 igitur
588 2572 621 2638 in
634 2572 723 2641 mode¹
736 2573 965 2667 arguriieniondi
975 2597 1015 2639 eir
1028 2595 1125 2667 aqua,-

228 2670 311 2739 liiate
334 2669 475 2760 servants
504 2663 680 2762 Perturbata
701 2673 877 2767 proportio,
910 2667 1124 2761 demonstratur
1165 2669 1170 2682 '

227 2787 293 2835 eam
305 2761 773 2864 argumentationemofflbonam,
789 2761 1123 2867 proprfia3dsujusiib.
1190 2831 1194 2838 .

285 2957 565 3034 THEOR.
610 2981 641 3032 1.
693 2959 1077 3038 PROPOS.1.
1175 2985 1197 3059 ῖς

272 3139 310 3214 Si
341 3134 405 3212 sint
435 3159 655 3240 quotcunque
679 3139 932 3239 magnitudines
958 3157 1124 3238 quotcun-

224 3263 292 3338 que
313 3261 349 3310 m
396 3234 589 3316 nitudinum
618 3236 797 3335 equalium
821 3261 986 3326 numeru,
1011 3235 1122 3332 fingu-

224 3338 266 3411 1ae
290 3335 383 3433 ungu
398 3357 512 3426 arum,
536 3349 632 3436 aeqii'e
658 3334 861 3430 multiplices
878 3363 889 3427 ς
920 3355 1022 3434 quam
1038 3331 1124 3406 mul·

222 3435 332 3546 tiplex
356 3429 407 3505 est
431 3432 530 3511 unius
564 3457 632 3508 una
654 3433 882 3532 magnitudo,
915 3453 987 3507 tam
1010 3427 1124 3506 multi-

219 3533 327 3632 pbces
353 3547 453 3604 eruut
478 3527 517 3604 ἃ
540 3556 661 3608 omues
686 3530 850 3606 omnium.
950 3569 953 3576 ·
992 3584 996 3600 .

206 3663 315 3789 ,Slus
344 3678 553 3753 quotcunque
579 3665 808 3752 magnitudines
834 3670 924 3754 AB,
945 3664 1026 3751 CD,
1047 3665 1123 3732 iori-
1140 3697 1154 3710 π
1169 3683 1277 3749 '⁷112

205 3815 211 3826 ,
282 3745 356 3818 dem
380 3750 639 3832 magnitudinum
658 3751 710 3834 E,
734 3749 784 3838 F,
804 3771 895 3842 aeque
914 3747 1119 3838 multiplices·
1135 3763 1228 3826 simi.
1255 3753 1275 3792 ”

640 3833 725 3916 M5
881 3859 885 3868 ’
932 3860 937 3868 ’
1034 3831 1226 3924 Diem-,¹³¹
1263 3918 1268 3928 .
