3140 4910
244 275 910 368 oiacaovinnvc
984 299 1046 370 m

120 400 429 498 pinitadsaeundam
442 401 560 471 dicatur
567 407 713 502 majorem
722 399 825 474 habere
827 403 1048 504 proportionem

128 518 219 590 quam
233 506 320 570 tertia
333 501 375 570 ad
398 524 561 594 quartam,
587 525 664 595 aque
690 502 871 599 multiplicia
881 499 1049 594 secundam

128 605 267 688 quamvis
281 601 558 696 multiplicationem
581 599 628 692 fic
636 597 672 690 [e
693 595 817 686 habere,
842 619 874 673 ut
891 600 1053 696 multiplex

129 693 251 785 quidem
274 704 379 792 prima
394 693 516 762 excedat
537 699 697 792 multiplex
710 693 866 788 secunda,
893 715 926 766 at
943 697 1053 766 mulii·-

124 791 200 888 plex
224 799 314 860 tertia
340 817 399 859 non
422 791 545 860 excedat
569 795 729 890 multiplex
755 815 884 886 quarta3
903 793 961 885 sad
975 794 1052 879 [atis

129 885 196 980 cfl,
229 911 261 955 ut
278 891 443 980 secundum
473 893 605 982 aliquam
639 889 922 989 multiplicationem
950 892 994 958 ita
1012 889 1050 981 se

132 980 267 1054 habeant.
317 985 409 1076 Potest
429 1011 555 1080 namque
569 984 816 1083 intirdumfiari,
840 1007 872 1058 ut
887 1007 950 1057 tam
964 987 1051 1056 inul-

131 1081 226 1177 tiplex
244 1085 349 1180 prima
372 1087 468 1181 majus
481 1085 524 1176 fit
560 1087 726 1183 multiplice
756 1083 921 1179 fecundo,
957 1105 1051 1176 quam

132 1179 292 1275 multiplex
327 1185 417 1248 tertia
456 1184 621 1280 multiplice
654 1200 772 1275 quarta.
821 1186 902 1252 Item
933 1197 966 1248 lli
998 1192 1049 1252 ΟΝ

133 1277 295 1370 multiplex
311 1282 417 1372 prime
442 1284 539 1346 minui
554 1280 596 1372 stt
624 1279 792 1378 multiplice
811 1274 975 1372 secunda,
1000 1289 1050 1347 ω’

134 1373 294 1470 multiplex
310 1379 400 1442 tertia
419 1378 586 1475 miilli'plt'ce
601 1396 729 1471 quarta:
756 1379 873 1446 Tamen
901 1375 974 1470 quia
995 1370 1051 1442 lm

134 1495 194 1539 noia
208 1476 353 1568 contingit
375 1473 409 1540 in
428 1498 509 1540 omni
524 1476 793 1573 multiplicatione,
811 1463 869 1566 fed
889 1465 1051 1564 aliquanda

133 1569 293 1666 multiplex
309 1573 413 1666 prima
430 1569 549 1667 superat
573 1571 693 1664 quidem
717 1572 877 1670 multiplex
893 1565 1048 1662 secunda,

135 1687 170 1734 at
194 1667 352 1763 nmltiplex
375 1672 465 1734 tertia
497 1673 548 1738 vel
561 1674 660 1738 minus
673 1667 728 1753 ed,
753 1671 805 1737 vel
819 1665 927 1762 equale
940 1663 1051 1734 multi·

2 1825 11 1846 ,
127 1765 208 1860 plici
229 1782 364 1856 quarta:
394 1783 545 1861 propterca
572 1770 718 1862 majorem
733 1763 849 1834 dicetur
863 1757 966 1831 babere
974 1781 1050 1860 pro.

1 1931 9 1940 ‚
129 1865 302 1956 portionem
323 1863 425 1957 prima
460 1863 633 1958 magnitude
668 1859 709 1932 ad
732 1857 920 1956 secundam,
956 1883 1046 1954 quain

1 1977 2 1998 ¹
134 1961 223 2026 tertia
237 1955 277 2026 od
292 1977 445 2052 quartam,
467 1985 526 2028 noia
543 1984 640 2032 autem
654 1957 790 2036 caridem.

189 2060 294 2149 Itaque
309 2075 341 2122 ut
358 2073 482 2150 quotuor
496 2057 723 2154 magnitudinis
736 2055 1050 2154 dicanlitrproportiaa'

136 2154 237 2236 nales,
267 2152 370 2239 neceffe
392 2151 453 2245 cst,
477 2174 510 2222 ut
524 2180 601 2248 aque
622 2155 803 2253 multiplicia
816 2177 936 2238 earum,
955 2155 1050 2248 juxta

138 2249 257 2343 quosvis
289 2251 547 2348 multiplicationes
587 2271 724 2349 accepta,
749 2253 803 2320 nel
818 2271 877 2318 una
890 2245 1050 2344 deficiant,

139 2349 193 2414 vel
216 2371 275 2416 una
296 2352 417 2440 aqualia
434 2348 527 2439 stat,
552 2351 605 2416 riel
627 2373 687 2416 una
708 2345 883 2430 excedant,
917 2363 949 2412 ut
964 2347 997 2410 in
1012 2351 1047 2414 6.

1 2447 2 2454 ’
139 2442 275 2538 deflfuit
289 2445 469 2540 exposstum:
499 2451 537 2512 Ur
550 2468 649 2512 autem
665 2450 809 2541 majorem
825 2441 944 2512 dicatur
957 2435 1048 2509 liobe·
1177 2473 1183 2490 ι

4 2547 8 2557 “
138 2567 171 2608 rc
188 2545 404 2638 proportionem
423 2545 526 2638 pr'ima
550 2543 779 2637 adsecundant,
803 2565 892 2636 quam
906 2535 1048 2607 tertiand

141 2647 294 2733 qnartani,
314 2639 390 2730 fatis
404 2639 462 2733 est,
489 2661 521 2706 ut
531 2639 697 2731 [mundum
713 2641 846 2733 aliquam
860 2635 1047 2734 multiplica-

2 2819 3 2831 *
23 2737 27 2744 ’
140 2759 269 2816 tionem,
293 2737 451 2831 multiplex
461 2742 564 2832 prima
580 2737 703 2807 excedat
721 2739 879 2833 multiplex
889 2729 1044 2826 secunda,

141 2834 299 2929 multiplex
325 2857 396 2902 vero
423 2839 513 2904 certia
536 2859 595 2905 non
609 2836 726 2931 fitperet
755 2831 915 2930 multiplex
934 2848 1045 2926 quarta

46 2963 50 2972 ·
141 2933 553 3025 quamniijuxtainnomcias
573 2933 647 3000 clici
664 2931 941 3030 multiplicationes,
968 2951 1047 3022 aque

141 3025 320 3121 multiplicia
336 3031 457 3123 prima,
482 3054 518 3096 ac
533 3035 697 3101 tertianae
712 3027 859 3097 excedant
873 3035 950 3118 aq'ue
961 3023 1047 3114 naid·-¹

139 3127 256 3218 liplicia
261 3123 395 3215 secunda
402 3175 413 3208 ,
439 3143 488 3196 θ’
501 3151 541 3220 qu
550 3149 619 3196 iila.

189 3219 285 3338 Qod
296 3222 326 3312 fi
349 3223 466 3314 quando
489 3221 667 3292 iacntrario
683 3221 842 3320 multiplex
849 3220 955 3318 piinaa
966 3213 1045 3312 defi-¹

5 3331 18 3362 '·
140 3327 201 3392 cici
227 3345 246 3386 a
270 3319 434 3412 multiplice
443 3319 595 3410 secunda,
621 3343 680 3389 non
693 3338 790 3388 aulam
807 3315 965 3412 multiplex
979 3333 1043 3382 ter·

5 3413 13 3496 s
141 3424 189 3490 tia
203 3420 221 3484 i
237 3417 398 3513 multiplici
422 3437 549 3510 quarte,
575 3417 690 3488 dicetur
699 3419 799 3512 prima
811 3409 986 3510 magnitudo
1002 3404 1064 3504 d·

134 3515 300 3610 secundam
314 3517 458 3582 minorem
474 3513 579 3584 habere
590 3539 645 3614 pri
665 3517 825 3597 ortionem,
850 3533 940 3604 quam
954 3509 1043 3579 tertia
1076 3517 1079 3524 ’

143 3612 185 3684 ad
201 3630 357 3706 quartam:
383 3615 521 3706 quamvis
534 3615 586 3706 sec
668 3635 700 3679 m
708 3611 855 3706 plurimas
870 3610 944 3676 aliat
960 3607 1045 3679 mttl-

7 3693 16 3792 i
143 3713 355 3812 tiplicatitnes,
379 3732 456 3804 aque
475 3713 655 3808 multiplicia
672 3713 782 3808 prima
801 3719 850 3784 (7·
871 3701 961 3782 lellli
984 3726 1044 3775 una
1174 3705 1183 3716 '

548 3808 594 3881 Μ
872 3799 1122 3900 dni·
