<?xml version="1.0" encoding="UTF-8"?>
<!DOCTYPE html PUBLIC "-//W3C//DTD XHTML 1.0 Transitional//EN"
    "http://www.w3.org/TR/xhtml1/DTD/xhtml1-transitional.dtd">
<html xmlns="http://www.w3.org/1999/xhtml" xml:lang="en" lang="en">
 <head>
  <title>
</title>
<meta http-equiv="Content-Type" content="text/html;charset=utf-8" />
  <meta name='ocr-system' content='tesseract 3.04.00' />
  <meta name='ocr-capabilities' content='ocr_page ocr_carea ocr_par ocr_line ocrx_word'/>
</head>
<body>
  <div class='ocr_page' id='page_1' title='image "./euclidiselement01euclgoog/euclidiselement01euclgoog_0090.png"; bbox 0 0 3030 4864; ppageno 0'>
   <div class='ocr_carea' id='block_1_1' title="bbox 480 297 1280 390">
    <p class='ocr_par' dir='ltr' id='par_1_1' title="bbox 480 297 1280 390">
     <span class='ocr_line' id='line_1_1' title="bbox 480 297 1280 390; baseline -0.004 -10"><span class='ocrx_word' id='word_1_1' title='bbox 480 310 550 380; x_wconf 62' lang='lat' dir='ltr'>HV·</span> <span class='ocrx_word' id='word_1_2' title='bbox 576 297 735 374; x_wconf 77' lang='lat' dir='ltr'>RREVIS</span> <span class='ocrx_word' id='word_1_3' title='bbox 761 301 1002 376; x_wconf 68' lang='lat' dir='ltr'>Nouum-10</span> <span class='ocrx_word' id='word_1_4' title='bbox 1029 303 1280 390; x_wconf 83' lang='lat' dir='ltr'>HISTORICA</span> 
     </span>
    </p>
   </div>
   <div class='ocr_carea' id='block_1_2' title="bbox 381 575 1388 3867">
    <p class='ocr_par' dir='ltr' id='par_1_2' title="bbox 381 575 1388 3697">
     <span class='ocr_line' id='line_1_2' title="bbox 531 575 1372 690; baseline 0 -32"><span class='ocrx_word' id='word_1_5' title='bbox 531 575 572 666; x_wconf 71' lang='lat' dir='ltr'>S·</span> <span class='ocrx_word' id='word_1_6' title='bbox 605 580 681 658; x_wconf 86' lang='lat' dir='ltr'>XX.</span> <span class='ocrx_word' id='word_1_7' title='bbox 707 581 891 678; x_wconf 84' lang='lat' dir='ltr'>Proposrtis&#39;</span> <span class='ocrx_word' id='word_1_8' title='bbox 916 585 1131 690; x_wconf 85' lang='lat' dir='ltr'>Quantorum</span> <span class='ocrx_word' id='word_1_9' title='bbox 1155 585 1372 684; x_wconf 87' lang='lat' dir='ltr'>proprietati·</span> 
     </span>
     <span class='ocr_line' id='line_1_3' title="bbox 480 681 1372 782; baseline 0.003 -27"><span class='ocrx_word' id='word_1_10' title='bbox 480 681 577 768; x_wconf 77' lang='lat' dir='ltr'>bus,</span> <span class='ocrx_word' id='word_1_11' title='bbox 619 703 737 758; x_wconf 81' lang='lat' dir='ltr'>earum</span> <span class='ocrx_word' id='word_1_12' title='bbox 775 682 1071 769; x_wconf 72' lang='lat' dir='ltr'>Dmnlirutiones,‚</span> <span class='ocrx_word' id='word_1_13' title='bbox 1109 685 1227 782; x_wconf 87' lang='lat' dir='ltr'>quibus</span> <span class='ocrx_word' id='word_1_14' title='bbox 1271 704 1372 758; x_wconf 80' lang='lat' dir='ltr'>certo</span> 
     </span>
     <span class='ocr_line' id='line_1_4' title="bbox 381 775 1371 882; baseline -0.001 -29"><span class='ocrx_word' id='word_1_15' title='bbox 381 866 387 882; x_wconf 39' lang='grc' dir='ltr'><em>Ι</em></span> <span class='ocrx_word' id='word_1_16' title='bbox 476 775 614 853; x_wconf 85' lang='lat' dir='ltr'>constat</span> <span class='ocrx_word' id='word_1_17' title='bbox 644 833 655 867; x_wconf 87' lang='lat'><strong>,</strong></span> <span class='ocrx_word' id='word_1_18' title='bbox 703 803 779 855; x_wconf 88' lang='lat' dir='ltr'>rem</span> <span class='ocrx_word' id='word_1_19' title='bbox 825 777 863 852; x_wconf 90' lang='lat' dir='ltr'>in</span> <span class='ocrx_word' id='word_1_20' title='bbox 904 779 1139 874; x_wconf 85' lang='lat' dir='ltr'>Proposrtione</span> <span class='ocrx_word' id='word_1_21' title='bbox 1182 781 1371 856; x_wconf 87' lang='lat' dir='ltr'>iudicatam</span> 
     </span>
     <span class='ocr_line' id='line_1_5' title="bbox 479 874 1371 975; baseline 0 -27"><span class='ocrx_word' id='word_1_22' title='bbox 479 874 656 972; x_wconf 82' lang='lat' dir='ltr'>principiis</span> <span class='ocrx_word' id='word_1_23' title='bbox 687 875 802 970; x_wconf 82' lang='lat' dir='ltr'>posuis</span> <span class='ocrx_word' id='word_1_24' title='bbox 833 875 1096 950; x_wconf 82' lang='lat' dir='ltr'>convenientem</span> <span class='ocrx_word' id='word_1_25' title='bbox 1121 875 1207 968; x_wconf 82' lang='lat' dir='ltr'>effe,</span> <span class='ocrx_word' id='word_1_26' title='bbox 1240 878 1371 975; x_wconf 88' lang='lat' dir='ltr'>subjun-</span> 
     </span>
     <span class='ocr_line' id='line_1_6' title="bbox 508 971 1371 1048; baseline 0.001 -4"><span class='ocrx_word' id='word_1_27' title='bbox 508 993 569 1044; x_wconf 86' lang='lat' dir='ltr'>unt</span> <span class='ocrx_word' id='word_1_28' title='bbox 598 995 677 1044; x_wconf 87' lang='lat' dir='ltr'>cum</span> <span class='ocrx_word' id='word_1_29' title='bbox 706 971 833 1042; x_wconf 76' lang='lat' dir='ltr'><em>Euclide</em></span> <span class='ocrx_word' id='word_1_30' title='bbox 860 971 1112 1046; x_wconf 78' lang='lat' dir='ltr'>Mathematici.</span> <span class='ocrx_word' id='word_1_31' title='bbox 1171 977 1303 1048; x_wconf 85' lang='lat' dir='ltr'>Verum</span> <span class='ocrx_word' id='word_1_32' title='bbox 1333 992 1371 1046; x_wconf 90' lang='lat' dir='ltr'>ut</span> 
     </span>
     <span class='ocr_line' id='line_1_7' title="bbox 477 998 1370 1146; baseline 0 -3"><span class='ocrx_word' id='word_1_33' title='bbox 477 998 823 1143; x_wconf 50' lang='lat' dir='ltr'>§emonffiationurn</span> <span class='ocrx_word' id='word_1_34' title='bbox 882 1069 1060 1142; x_wconf 85' lang='lat' dir='ltr'>adornatio</span> <span class='ocrx_word' id='word_1_35' title='bbox 1108 1069 1241 1144; x_wconf 85' lang='lat' dir='ltr'>facilior</span> <span class='ocrx_word' id='word_1_36' title='bbox 1290 1096 1370 1146; x_wconf 82' lang='lat' dir='ltr'>eva·</span> 
     </span>
     <span class='ocr_line' id='line_1_8' title="bbox 479 1163 1372 1264; baseline 0 -24"><span class='ocrx_word' id='word_1_37' title='bbox 479 1163 564 1256; x_wconf 89' lang='lat' dir='ltr'>dat,</span> <span class='ocrx_word' id='word_1_38' title='bbox 621 1165 754 1242; x_wconf 83' lang='lat' dir='ltr'>uaedam</span> <span class='ocrx_word' id='word_1_39' title='bbox 783 1164 1066 1254; x_wconf 81' lang='lat' dir='ltr'>demonstrationi</span> <span class='ocrx_word' id='word_1_40' title='bbox 1097 1166 1185 1261; x_wconf 78' lang='lat' dir='ltr'>ipo,</span> <span class='ocrx_word' id='word_1_41' title='bbox 1224 1193 1268 1241; x_wconf 88' lang='lat' dir='ltr'>ex</span> <span class='ocrx_word' id='word_1_42' title='bbox 1300 1168 1372 1264; x_wconf 90' lang='lat' dir='ltr'>qui·</span> 
     </span>
     <span class='ocr_line' id='line_1_9' title="bbox 477 1189 1370 1360; baseline 0.002 -24"><span class='ocrx_word' id='word_1_43' title='bbox 477 1263 541 1336; x_wconf 83' lang='lat' dir='ltr'>bus</span> <span class='ocrx_word' id='word_1_44' title='bbox 582 1189 766 1360; x_wconf 76' lang='lat' dir='ltr'>piurimum</span> <span class='ocrx_word' id='word_1_45' title='bbox 805 1264 888 1336; x_wconf 80' lang='lat' dir='ltr'>lucis</span> <span class='ocrx_word' id='word_1_46' title='bbox 924 1262 1013 1358; x_wconf 82' lang='lat' dir='ltr'>saepe</span> <span class='ocrx_word' id='word_1_47' title='bbox 1043 1261 1263 1338; x_wconf 72' lang='lat' dir='ltr'>foenerantur</span> <span class='ocrx_word' id='word_1_48' title='bbox 1294 1291 1370 1355; x_wconf 87' lang='lat' dir='ltr'>ea,</span> 
     </span>
     <span class='ocr_line' id='line_1_10' title="bbox 480 1359 1374 1458; baseline 0.001 -24"><span class='ocrx_word' id='word_1_49' title='bbox 480 1384 557 1458; x_wconf 83' lang='lat' dir='ltr'>quae</span> <span class='ocrx_word' id='word_1_50' title='bbox 594 1359 877 1439; x_wconf 84' lang='lat' dir='ltr'>demonstrationi</span> <span class='ocrx_word' id='word_1_51' title='bbox 913 1359 1131 1451; x_wconf 84' lang='lat' dir='ltr'>inserviunt,</span> <span class='ocrx_word' id='word_1_52' title='bbox 1174 1361 1374 1436; x_wconf 82' lang='lat' dir='ltr'>Geometrae</span> 
     </span>
     <span class='ocr_line' id='line_1_11' title="bbox 478 1457 1373 1554; baseline -0.001 -20"><span class='ocrx_word' id='word_1_53' title='bbox 478 1458 700 1554; x_wconf 74' lang='lat' dir='ltr'>praemittunt.</span> <span class='ocrx_word' id='word_1_54' title='bbox 752 1458 890 1532; x_wconf 84' lang='lat' dir='ltr'><strong>Etenim</strong></span> <span class='ocrx_word' id='word_1_55' title='bbox 913 1457 949 1530; x_wconf 93' lang='lat' dir='ltr'>in</span> <span class='ocrx_word' id='word_1_56' title='bbox 972 1457 1285 1550; x_wconf 83' lang='lat' dir='ltr'>Theorenratibus,</span> <span class='ocrx_word' id='word_1_57' title='bbox 1319 1483 1373 1533; x_wconf 90' lang='lat' dir='ltr'>re·</span> 
     </span>
     <span class='ocr_line' id='line_1_12' title="bbox 479 1555 1387 1652; baseline 0 -23"><span class='ocrx_word' id='word_1_58' title='bbox 479 1555 593 1632; x_wconf 83' lang='lat' dir='ltr'>citatis</span> <span class='ocrx_word' id='word_1_59' title='bbox 625 1555 667 1631; x_wconf 88' lang='lat' dir='ltr'>iis</span> <span class='ocrx_word' id='word_1_60' title='bbox 699 1555 735 1630; x_wconf 91' lang='lat' dir='ltr'>in</span> <span class='ocrx_word' id='word_1_61' title='bbox 767 1555 999 1652; x_wconf 88' lang='lat' dir='ltr'>propofitione</span> <span class='ocrx_word' id='word_1_62' title='bbox 1032 1555 1247 1651; x_wconf 69' lang='lat' dir='ltr'>propontis,</span> <span class='ocrx_word' id='word_1_63' title='bbox 1289 1581 1387 1632; x_wconf 73' lang='lat' dir='ltr'>eno·</span> 
     </span>
     <span class='ocr_line' id='line_1_13' title="bbox 479 1651 1374 1752; baseline -0.002 -23"><span class='ocrx_word' id='word_1_64' title='bbox 479 1653 686 1752; x_wconf 78' lang='lat' dir='ltr'>meratisque</span> <span class='ocrx_word' id='word_1_65' title='bbox 719 1651 806 1726; x_wconf 75' lang='lat' dir='ltr'>datis</span> <span class='ocrx_word' id='word_1_66' title='bbox 837 1676 879 1727; x_wconf 85' lang='lat' dir='ltr'>ac</span> <span class='ocrx_word' id='word_1_67' title='bbox 902 1651 1047 1748; x_wconf 84' lang='lat' dir='ltr'>quaefitis</span> <span class='ocrx_word' id='word_1_68' title='bbox 1070 1675 1184 1725; x_wconf 88' lang='lat' dir='ltr'>rerum</span> <span class='ocrx_word' id='word_1_69' title='bbox 1208 1652 1374 1727; x_wconf 85' lang='lat' dir='ltr'>indicata-</span> 
     </span>
     <span class='ocr_line' id='line_1_14' title="bbox 479 1749 1370 1848; baseline 0.002 -26"><span class='ocrx_word' id='word_1_70' title='bbox 479 1774 555 1824; x_wconf 87' lang='lat' dir='ltr'>rum</span> <span class='ocrx_word' id='word_1_71' title='bbox 588 1805 599 1840; x_wconf 90' lang='lat'>,</span> <span class='ocrx_word' id='word_1_72' title='bbox 648 1749 845 1848; x_wconf 84' lang='lat' dir='ltr'>priusquam</span> <span class='ocrx_word' id='word_1_73' title='bbox 884 1750 1058 1848; x_wconf 84' lang='lat' dir='ltr'>proposrtu</span> <span class='ocrx_word' id='word_1_74' title='bbox 1105 1749 1370 1824; x_wconf 81' lang='lat' dir='ltr'>demonstranda</span> 
     </span>
     <span class='ocr_line' id='line_1_15' title="bbox 478 1845 1367 1950; baseline 0.003 -32"><span class='ocrx_word' id='word_1_75' title='bbox 478 1845 685 1942; x_wconf 87' lang='lat' dir='ltr'>suscipiunt,</span> <span class='ocrx_word' id='word_1_76' title='bbox 712 1853 951 1950; x_wconf 72' lang='lat' dir='ltr'><em>preparationem</em></span> <span class='ocrx_word' id='word_1_77' title='bbox 975 1846 1145 1944; x_wconf 85' lang='lat' dir='ltr'>quandam</span> <span class='ocrx_word' id='word_1_78' title='bbox 1169 1846 1367 1937; x_wconf 78' lang='lat' dir='ltr'>instituunt,</span> 
     </span>
     <span class='ocr_line' id='line_1_16' title="bbox 477 1943 1370 2054; baseline 0.003 -38"><span class='ocrx_word' id='word_1_79' title='bbox 477 1967 545 2040; x_wconf 85' lang='lat' dir='ltr'>qua</span> <span class='ocrx_word' id='word_1_80' title='bbox 577 1943 819 2042; x_wconf 63' lang='lat' dir='ltr'>propositionis</span> <span class='ocrx_word' id='word_1_81' title='bbox 850 1945 1033 2054; x_wconf 82' lang='lat' dir='ltr'>proposrtae</span> <span class='ocrx_word' id='word_1_82' title='bbox 1058 1944 1204 2018; x_wconf 84' lang='lat' dir='ltr'><strong>Schema</strong></span> <span class='ocrx_word' id='word_1_83' title='bbox 1228 1945 1370 2019; x_wconf 81' lang='lat' dir='ltr'>illustra·</span> 
     </span>
     <span class='ocr_line' id='line_1_17' title="bbox 478 2041 1372 2132; baseline 0.003 -20"><span class='ocrx_word' id='word_1_84' title='bbox 478 2057 545 2117; x_wconf 90' lang='lat' dir='ltr'>tur.</span> <span class='ocrx_word' id='word_1_85' title='bbox 592 2045 632 2116; x_wconf 89' lang='lat' dir='ltr'>In</span> <span class='ocrx_word' id='word_1_86' title='bbox 657 2042 925 2116; x_wconf 88' lang='lat' dir='ltr'>Problematrbus</span> <span class='ocrx_word' id='word_1_87' title='bbox 950 2067 1060 2131; x_wconf 87' lang='lat' dir='ltr'>vero,</span> <span class='ocrx_word' id='word_1_88' title='bbox 1093 2041 1241 2132; x_wconf 87' lang='lat' dir='ltr'>iisdem,</span> <span class='ocrx_word' id='word_1_89' title='bbox 1273 2043 1372 2115; x_wconf 88' lang='lat' dir='ltr'>acin</span> 
     </span>
     <span class='ocr_line' id='line_1_18' title="bbox 477 2137 1370 2233; baseline 0 -21"><span class='ocrx_word' id='word_1_90' title='bbox 477 2137 767 2214; x_wconf 82' lang='lat' dir='ltr'>Theorematibus</span> <span class='ocrx_word' id='word_1_91' title='bbox 799 2196 808 2228; x_wconf 92' lang='lat'>,</span> <span class='ocrx_word' id='word_1_92' title='bbox 854 2140 946 2233; x_wconf 85' lang='lat' dir='ltr'>prius</span> <span class='ocrx_word' id='word_1_93' title='bbox 986 2139 1196 2229; x_wconf 80' lang='lat' dir='ltr'>recensrtis,</span> <span class='ocrx_word' id='word_1_94' title='bbox 1247 2163 1370 2212; x_wconf 87' lang='lat' dir='ltr'>corum</span> 
     </span>
     <span class='ocr_line' id='line_1_19' title="bbox 476 2233 1369 2327; baseline 0 -19"><span class='ocrx_word' id='word_1_95' title='bbox 476 2238 717 2325; x_wconf 65' lang='lat' dir='ltr'>construfiionem</span> <span class='ocrx_word' id='word_1_96' title='bbox 750 2235 929 2327; x_wconf 85' lang='lat' dir='ltr'>efficiunt;</span> <span class='ocrx_word' id='word_1_97' title='bbox 955 2259 1024 2327; x_wconf 87' lang='lat' dir='ltr'>ac,</span> <span class='ocrx_word' id='word_1_98' title='bbox 1056 2256 1093 2308; x_wconf 90' lang='lat' dir='ltr'>ut</span> <span class='ocrx_word' id='word_1_99' title='bbox 1124 2233 1369 2309; x_wconf 84' lang='lat' dir='ltr'>demonstratio</span> 
     </span>
     <span class='ocr_line' id='line_1_20' title="bbox 476 2333 1369 2433; baseline -0.004 -27"><span class='ocrx_word' id='word_1_100' title='bbox 476 2335 630 2432; x_wconf 86' lang='lat' dir='ltr'><strong>legitime</strong></span> <span class='ocrx_word' id='word_1_101' title='bbox 663 2333 737 2408; x_wconf 91' lang='lat' dir='ltr'>fieri</span> <span class='ocrx_word' id='word_1_102' title='bbox 769 2334 902 2430; x_wconf 78' lang='lat' dir='ltr'>possu,</span> <span class='ocrx_word' id='word_1_103' title='bbox 934 2335 1138 2432; x_wconf 85' lang='lat' dir='ltr'>quandoque</span> <span class='ocrx_word' id='word_1_104' title='bbox 1168 2333 1273 2408; x_wconf 86' lang='lat' dir='ltr'>etiam</span> <span class='ocrx_word' id='word_1_105' title='bbox 1286 2353 1369 2433; x_wconf 41' lang='lat' dir='ltr'>xpru-</span> 
     </span>
     <span class='ocr_line' id='line_1_21' title="bbox 471 2430 1371 2534; baseline 0 -34"><span class='ocrx_word' id='word_1_106' title='bbox 471 2438 656 2533; x_wconf 77' lang='lat' dir='ltr'>parationem</span> <span class='ocrx_word' id='word_1_107' title='bbox 675 2431 813 2506; x_wconf 85' lang='lat' dir='ltr'>addunt.</span> <span class='ocrx_word' id='word_1_108' title='bbox 865 2431 995 2534; x_wconf 83' lang='lat' dir='ltr'>Quibus</span> <span class='ocrx_word' id='word_1_109' title='bbox 1022 2430 1179 2502; x_wconf 84' lang='lat' dir='ltr'>omnibus</span> <span class='ocrx_word' id='word_1_110' title='bbox 1204 2430 1268 2502; x_wconf 84' lang='lat' dir='ltr'>rite</span> <span class='ocrx_word' id='word_1_111' title='bbox 1293 2453 1371 2524; x_wconf 88' lang='lat' dir='ltr'>per·</span> 
     </span>
     <span class='ocr_line' id='line_1_22' title="bbox 476 2526 1371 2626; baseline -0.004 -22"><span class='ocrx_word' id='word_1_112' title='bbox 476 2529 559 2604; x_wconf 73' lang='lat' dir='ltr'>ociis</span> <span class='ocrx_word' id='word_1_113' title='bbox 591 2585 601 2616; x_wconf 90' lang='lat'><strong>‚</strong></span> <span class='ocrx_word' id='word_1_114' title='bbox 649 2555 803 2618; x_wconf 85' lang='lat' dir='ltr'>eorum,</span> <span class='ocrx_word' id='word_1_115' title='bbox 844 2553 918 2626; x_wconf 79' lang='lat' dir='ltr'>quae</span> <span class='ocrx_word' id='word_1_116' title='bbox 949 2547 1220 2624; x_wconf 89' lang='lat' dir='ltr'>proponuntur,</span> <span class='ocrx_word' id='word_1_117' title='bbox 1263 2526 1371 2622; x_wconf 78' lang='lat' dir='ltr'>ipsam</span> 
     </span>
     <span class='ocr_line' id='line_1_23' title="bbox 475 2624 1365 2720; baseline -0.001 -24"><span class='ocrx_word' id='word_1_118' title='bbox 475 2624 806 2698; x_wconf 83' lang='lat' dir='ltr'>demonstrationem</span> <span class='ocrx_word' id='word_1_119' title='bbox 846 2626 1014 2720; x_wconf 82' lang='lat' dir='ltr'>incipiunt</span> <span class='ocrx_word' id='word_1_120' title='bbox 1059 2626 1266 2697; x_wconf 75' lang='lat' dir='ltr'>Geometrae.</span> <span class='ocrx_word' id='word_1_121' title='bbox 1325 2627 1365 2696; x_wconf 92' lang='lat' dir='ltr'>In</span> 
     </span>
     <span class='ocr_line' id='line_1_24' title="bbox 476 2719 1367 2816; baseline 0.002 -22"><span class='ocrx_word' id='word_1_122' title='bbox 476 2719 836 2794; x_wconf 84' lang='lat' dir='ltr'>Demonstrationibus</span> <span class='ocrx_word' id='word_1_123' title='bbox 875 2723 939 2796; x_wconf 89' lang='lat' dir='ltr'>suis</span> <span class='ocrx_word' id='word_1_124' title='bbox 977 2719 1192 2794; x_wconf 79' lang='lat' dir='ltr'>instituendis</span> <span class='ocrx_word' id='word_1_125' title='bbox 1237 2719 1367 2816; x_wconf 86' lang='lat' dir='ltr'>duplici</span> 
     </span>
     <span class='ocr_line' id='line_1_25' title="bbox 476 2815 1372 2912; baseline -0.003 -23"><span class='ocrx_word' id='word_1_126' title='bbox 476 2815 653 2890; x_wconf 88' lang='lat' dir='ltr'>Methodo</span> <span class='ocrx_word' id='word_1_127' title='bbox 702 2818 894 2912; x_wconf 84' lang='lat' dir='ltr'>procedunt</span> <span class='ocrx_word' id='word_1_128' title='bbox 935 2819 1166 2907; x_wconf 87' lang='lat' dir='ltr'>Geometrae‚</span> <span class='ocrx_word' id='word_1_129' title='bbox 1217 2819 1273 2892; x_wconf 88' lang='lat' dir='ltr'>vel</span> <span class='ocrx_word' id='word_1_130' title='bbox 1319 2816 1372 2886; x_wconf 78' lang='lat' dir='ltr'>di·</span> 
     </span>
     <span class='ocr_line' id='line_1_26' title="bbox 475 2912 1370 3012; baseline 0.001 -27"><span class='ocrx_word' id='word_1_131' title='bbox 475 2912 553 2985; x_wconf 68' lang='lat' dir='ltr'>refie</span> <span class='ocrx_word' id='word_1_132' title='bbox 590 2913 828 2991; x_wconf 81' lang='lat' dir='ltr'>demonstrant</span> <span class='ocrx_word' id='word_1_133' title='bbox 859 2940 930 3006; x_wconf 86' lang='lat' dir='ltr'>ea,</span> <span class='ocrx_word' id='word_1_134' title='bbox 967 2939 1112 3012; x_wconf 90' lang='lat' dir='ltr'>quorum</span> <span class='ocrx_word' id='word_1_135' title='bbox 1149 2914 1184 2987; x_wconf 90' lang='lat' dir='ltr'>in</span> <span class='ocrx_word' id='word_1_136' title='bbox 1216 2914 1370 3011; x_wconf 86' lang='lat' dir='ltr'>proposr·</span> 
     </span>
     <span class='ocr_line' id='line_1_27' title="bbox 475 3011 1367 3102; baseline -0.003 -19"><span class='ocrx_word' id='word_1_137' title='bbox 475 3011 626 3084; x_wconf 87' lang='lat' dir='ltr'>tionibus</span> <span class='ocrx_word' id='word_1_138' title='bbox 657 3012 697 3085; x_wconf 88' lang='lat' dir='ltr'>fit</span> <span class='ocrx_word' id='word_1_139' title='bbox 728 3011 895 3102; x_wconf 83' lang='lat' dir='ltr'>mentio,</span> <span class='ocrx_word' id='word_1_140' title='bbox 943 3012 997 3085; x_wconf 83' lang='lat' dir='ltr'>vei</span> <span class='ocrx_word' id='word_1_141' title='bbox 1032 3011 1181 3084; x_wconf 68' lang='lat' dir='ltr'>indireiie.</span> <span class='ocrx_word' id='word_1_142' title='bbox 1240 3011 1367 3084; x_wconf 68' lang='lat' dir='ltr'>Druna</span> 
     </span>
     <span class='ocr_line' id='line_1_28' title="bbox 474 3107 1388 3207; baseline 0.001 -27"><span class='ocrx_word' id='word_1_143' title='bbox 474 3109 693 3198; x_wconf 65' lang='lat' dir='ltr'>Demostrato</span> <span class='ocrx_word' id='word_1_144' title='bbox 718 3133 793 3207; x_wconf 83' lang='lat' dir='ltr'>quae</span> <span class='ocrx_word' id='word_1_145' title='bbox 823 3107 863 3183; x_wconf 71' lang='grc' dir='ltr'><strong>ἃ</strong></span> <span class='ocrx_word' id='word_1_146' title='bbox 886 3109 1042 3206; x_wconf 77' lang='lat' dir='ltr'>Ostenfiua</span> <span class='ocrx_word' id='word_1_147' title='bbox 1066 3109 1289 3204; x_wconf 84' lang='lat' dir='ltr'>appellatur,</span> <span class='ocrx_word' id='word_1_148' title='bbox 1325 3133 1388 3181; x_wconf 79' lang='lat' dir='ltr'>ea·</span> 
     </span>
     <span class='ocr_line' id='line_1_29' title="bbox 476 3203 1387 3317; baseline 0.002 -38"><span class='ocrx_word' id='word_1_149' title='bbox 476 3204 556 3297; x_wconf 86' lang='lat' dir='ltr'>cst,</span> <span class='ocrx_word' id='word_1_150' title='bbox 597 3205 633 3280; x_wconf 90' lang='lat' dir='ltr'>in</span> <span class='ocrx_word' id='word_1_151' title='bbox 664 3231 730 3304; x_wconf 85' lang='lat' dir='ltr'>qua</span> <span class='ocrx_word' id='word_1_152' title='bbox 761 3205 886 3302; x_wconf 89' lang='lat' dir='ltr'>aliquid</span> <span class='ocrx_word' id='word_1_153' title='bbox 904 3209 1079 3317; x_wconf 77' lang='lat' dir='ltr'>probatur</span> <span class='ocrx_word' id='word_1_154' title='bbox 1111 3203 1165 3280; x_wconf 35' lang='grc' dir='ltr'>ὅτι</span> <span class='ocrx_word' id='word_1_155' title='bbox 1182 3205 1387 3281; x_wconf 66' lang='lat' dir='ltr'>scientifico</span> 
     </span>
     <span class='ocr_line' id='line_1_30' title="bbox 475 3303 1369 3402; baseline -0.001 -25"><span class='ocrx_word' id='word_1_156' title='bbox 475 3303 711 3400; x_wconf 68' lang='lat' dir='ltr'>cognoscitur,</span> <span class='ocrx_word' id='word_1_157' title='bbox 737 3303 758 3378; x_wconf 81' lang='lat' dir='ltr'>&#39;a</span> <span class='ocrx_word' id='word_1_158' title='bbox 812 3303 989 3401; x_wconf 83' lang='lat' dir='ltr'>rincipris,</span> <span class='ocrx_word' id='word_1_159' title='bbox 1016 3323 1178 3402; x_wconf 85' lang='lat' dir='ltr'>tanquam</span> <span class='ocrx_word' id='word_1_160' title='bbox 1201 3303 1301 3378; x_wconf 81' lang='lat' dir='ltr'>causa</span> <span class='ocrx_word' id='word_1_161' title='bbox 1326 3303 1369 3377; x_wconf 83' lang='lat' dir='ltr'>ad</span> 
     </span>
     <span class='ocr_line' id='line_1_31' title="bbox 473 3329 1367 3499; baseline -0.001 -24"><span class='ocrx_word' id='word_1_162' title='bbox 473 3401 639 3476; x_wconf 65' lang='lat' dir='ltr'>effectum</span> <span class='ocrx_word' id='word_1_163' title='bbox 669 3329 893 3499; x_wconf 67' lang='lat' dir='ltr'>proceciendo</span> <span class='ocrx_word' id='word_1_164' title='bbox 918 3427 929 3490; x_wconf 92' lang='lat'>;</span> <span class='ocrx_word' id='word_1_165' title='bbox 969 3425 1079 3498; x_wconf 87' lang='lat' dir='ltr'>eaque</span> <span class='ocrx_word' id='word_1_166' title='bbox 1102 3399 1139 3474; x_wconf 89' lang='lat' dir='ltr'>in</span> <span class='ocrx_word' id='word_1_167' title='bbox 1162 3399 1285 3475; x_wconf 86' lang='lat' dir='ltr'>scholis</span> <span class='ocrx_word' id='word_1_168' title='bbox 1307 3425 1367 3474; x_wconf 89' lang='lat' dir='ltr'>vo·</span> 
     </span>
     <span class='ocr_line' id='line_1_32' title="bbox 473 3496 1371 3600; baseline -0.001 -28"><span class='ocrx_word' id='word_1_169' title='bbox 473 3519 570 3572; x_wconf 85' lang='lat' dir='ltr'>catur</span> <span class='ocrx_word' id='word_1_170' title='bbox 594 3499 800 3596; x_wconf 69' lang='lat' dir='ltr'>demanssruio</span> <span class='ocrx_word' id='word_1_171' title='bbox 824 3496 989 3600; x_wconf 56' lang='lat' dir='ltr'>apriori,</span> <span class='ocrx_word' id='word_1_172' title='bbox 1018 3498 1096 3596; x_wconf 83' lang='lat' dir='ltr'>quia</span> <span class='ocrx_word' id='word_1_173' title='bbox 1120 3498 1219 3573; x_wconf 86' lang='lat' dir='ltr'>causa</span> <span class='ocrx_word' id='word_1_174' title='bbox 1242 3497 1371 3573; x_wconf 59' lang='lat' dir='ltr'>effeciu</span> 
     </span>
     <span class='ocr_line' id='line_1_33' title="bbox 473 3594 1385 3697; baseline 0.002 -31"><span class='ocrx_word' id='word_1_175' title='bbox 473 3595 568 3692; x_wconf 89' lang='lat' dir='ltr'>prior</span> <span class='ocrx_word' id='word_1_176' title='bbox 604 3597 666 3672; x_wconf 87' lang='lat' dir='ltr'>est.</span> <span class='ocrx_word' id='word_1_177' title='bbox 717 3595 893 3697; x_wconf 87' lang='lat' dir='ltr'>Ejusmodi</span> <span class='ocrx_word' id='word_1_178' title='bbox 923 3595 1082 3693; x_wconf 83' lang='lat' dir='ltr'>probatio</span> <span class='ocrx_word' id='word_1_179' title='bbox 1112 3621 1195 3670; x_wconf 84' lang='lat' dir='ltr'>vera</span> <span class='ocrx_word' id='word_1_180' title='bbox 1226 3595 1304 3685; x_wconf 88' lang='lat' dir='ltr'>est,</span> <span class='ocrx_word' id='word_1_181' title='bbox 1329 3594 1385 3668; x_wconf 77' lang='grc' dir='ltr'>δι’</span> 
     </span>
    </p>

    <p class='ocr_par' dir='ltr' id='par_1_3' title="bbox 420 3690 1387 3867">
     <span class='ocr_line' id='line_1_34' title="bbox 471 3690 1367 3861; baseline 0.002 -98"><span class='ocrx_word' id='word_1_182' title='bbox 471 3695 612 3793; x_wconf 89' lang='lat' dir='ltr'>proprie</span> <span class='ocrx_word' id='word_1_183' title='bbox 644 3695 735 3771; x_wconf 72' lang='lat' dir='ltr'>dista</span> <span class='ocrx_word' id='word_1_184' title='bbox 764 3690 1037 3785; x_wconf 64' lang='lat' dir='ltr'>demonstratu,</span> <span class='ocrx_word' id='word_1_185' title='bbox 1070 3719 1162 3794; x_wconf 84' lang='lat' dir='ltr'>quae-</span> <span class='ocrx_word' id='word_1_186' title='bbox 1170 3719 1233 3792; x_wconf 86' lang='lat' dir='ltr'>per</span> <span class='ocrx_word' id='word_1_187' title='bbox 1257 3692 1291 3766; x_wconf 88' lang='lat' dir='ltr'>se</span> <span class='ocrx_word' id='word_1_188' title='bbox 1313 3691 1367 3861; x_wconf 64' lang='lat' dir='ltr'>⁶qi·</span> 
     </span>
     <span class='ocr_line' id='line_1_35' title="bbox 420 3811 1387 3867; baseline 0.006 -7"><span class='ocrx_word' id='word_1_189' title='bbox 420 3814 423 3820; x_wconf 69' lang='grc'>’</span> <span class='ocrx_word' id='word_1_190' title='bbox 1273 3811 1309 3862; x_wconf 87' lang='lat' dir='ltr'>re</span> <span class='ocrx_word' id='word_1_191' title='bbox 1348 3812 1387 3867; x_wconf 84' lang='lat' dir='ltr'>e.</span> 
     </span>
    </p>
   </div>
   <div class='ocr_carea' id='block_1_3' title="bbox 0 0 1520 4864">
    <p class='ocr_par' dir='ltr' id='par_1_4' title="bbox 0 0 1520 4864">
     <span class='ocr_line' id='line_1_36' title="bbox 0 0 1520 4864; baseline 0 0"><span class='ocrx_word' id='word_1_192' title='bbox 0 0 1520 4864; x_wconf 95' lang='lat' dir='ltr'> </span> 
     </span>
    </p>
   </div>
  </div>
 </body>
</html>
