3096 4882
468 251 563 346 uxo
584 231 746 305 nttvrs
778 233 1023 310 uastatio
1065 239 1330 308 rrrsromcn

531 507 571 603 ὃ.
607 513 773 591 xxvur.
813 515 898 591 Sunt
934 517 1072 594 interim
1105 517 1279 617 quidam3
1320 510 1380 610 qui

481 613 693 694 Geometriae
726 636 854 688 nomen
888 611 1056 690 Euclideis
1079 614 1267 692 Elementis
1294 636 1377 684 con·

480 711 619 798 cedere·
651 710 752 786 nimis
792 709 939 808 religiosi
981 713 1055 790 sunt
1087 771 1098 806 ,
1146 711 1379 788 existimantes

483 807 696 884 Geometriae
746 807 922 882 scientiam
979 809 1047 884 esse
1103 809 1382 884 universaliorem

485 931 588 1008 quam
617 905 669 978 his
703 905 847 978 docetur
880 904 1094 994 Elementis3
1133 931 1183 994 acl
1198 926 1384 1004 propterea

483 1003 603 1096 inepte
636 1002 712 1076 haec
747 1003 928 1076 Elementa
957 1003 1026 1075 diei
1058 1004 1272 1078 Geometriae
1305 999 1384 1074 Ele·

483 1117 629 1186 menta,
667 1098 783 1196 potius
825 1098 1029 1174 servandum
1067 1099 1134 1174 else
1175 1099 1384 1174 vocabulum

485 1193 736 1288 Elementum,
768 1219 871 1306 quam
906 1221 948 1270 ea
972 1197 1182 1272 Geometriae
1203 1199 1384 1271 Elementa

485 1291 679 1372 inscribere.
733 1292 804 1367 Ani
838 1317 924 1366 vero
960 1315 1105 1390 putant,
1142 1295 1218 1390 jure
1252 1293 1388 1389 optimo

493 1391 569 1468 haec
589 1392 794 1480 Elementa,
827 1389 1038 1464 Geometrie
1069 1393 1247 1466 Elementa
1272 1385 1389 1486 appel·

493 1487 567 1564 lari.
620 1489 710 1564 Cum
741 1487 918 1562 Elementa
951 1491 1057 1559 Proeto
1089 1511 1207 1562 autore
1229 1487 1389 1562 dicuntur

501 1609 563 1676 ea,
591 1609 738 1696 quorum
753 1585 999 1680 contemplatio
1015 1587 1059 1660 ad
1077 1587 1222 1661 aliorum
1237 1584 1388 1681 pertinet

497 1681 698 1770 scientum,
732 1679 771 1756 ἃ
800 1681 988 1778 exquibus
1017 1705 1158 1782 apparet
1183 1681 1304 1756 solutio
1331 1705 1392 1754 eo·

498 1802 602 1868 rum,
636 1804 710 1876 quae
739 1779 774 1852 in
806 1777 883 1876 ipsis
915 1777 1070 1855 dubitare
1101 1779 1302 1877 contingit:
1334 1775 1393 1849 vel

501 1875 553 1949 uti
584 1874 632 1948 ait
656 1875 873 1959 Merechmus:
907 1877 1124 1953 Elementum
1154 1877 1312 1965 dicitur,
1358 1871 1396 1944 in

503 1971 596 2143 quod
621 1995 701 2048 cum
725 1971 764 2046 srt
794 1972 902 2070 magis
926 1972 1067 2070 simplex
1093 1973 1319 2068 compositum
1344 1993 1396 2044 re·

519 2067 671 2158 olvitur3
705 2069 925 2144 conferantur
957 2067 1292 2148 COMMANDINI
1320 2076 1400 2138 Pro·

503 2167 666 2266 legomena.
724 2167 802 2264 Jam
849 2191 935 2241 vero
970 2164 1044 2244 hate
1081 2169 1198 2246 nostra
1234 2164 1399 2240 Eucliden

505 2265 589 2338 talia
618 2265 692 2338 sunt
725 2263 933 2340 Geometriae
973 2264 1183 2368 Elementa,
1217 2265 1252 2338 in
1275 2285 1398 2336 eorum

507 2361 602 2436 enim
631 2359 923 2458 contemplatione
955 2362 1157 2443 solutionem
1194 2359 1397 2460 acquirimus

506 2457 678 2549 illorum,
721 2485 795 2557 quae
835 2457 871 2531 in
901 2459 972 2532 aliis
1005 2457 1158 2540 dubitare
1194 2455 1400 2554 contingis

509 2577 556 2629 ex
587 2553 627 2653 iis
660 2581 816 2654 namque¹
838 2555 1035 2650 profluxit,
1076 2559 1302 2658 quodcunque
1342 2577 1403 2626 ex·

511 2647 642 2724 cellens
673 2653 883 2726 Geometriae
908 2651 1113 2746 inventum,
1169 2653 1237 2728 uod
1260 2649 1403 2726 Autoris
1515 2721 1518 2728 .

509 2745 642 2821 famam
666 2773 768 2844 quam
793 2749 943 2823 maxime
970 2751 1107 2852 longam
1132 2681 1268 2842 eiecit,
1294 2749 1404 2847 iisque

510 2861 674 2940 tanquam
714 2844 815 2918 certis
856 2843 1010 2924 innititur
1043 2849 1229 2947 principiis.
1279 2847 1332 2920 Ex
1364 2844 1405 2917 iis

511 2941 689 3031 hauritur,
705 2937 761 3016 'cit
792 2941 989 3040 intelligitur
1019 3003 1031 3040 ‚
1071 2945 1233 3058 quidquid
1261 2945 1308 3018 ad
1332 2937 1407 3016 soli·

514 3037 596 3113 dam
630 3039 840 3114 Geometriae
879 3041 1038 3118 notitiam
1076 3043 1293 3142 requiritur:
1336 3040 1408 3116 fine

513 3136 640 3210 horum
674 3135 838 3228 scientia,
870 3135 995 3215 frustra
1028 3161 1163 3218 tentant
1185 3138 1411 3214 Mathemati-

513 3255 636 3308 eotum
660 3252 731 3308 tam
746 3233 919 3312 Veterum
944 3261 1047 3334 quam
1071 3239 1319 3314 Recentiorum
1343 3234 1411 3310 stu·

512 3331 640 3436 penda,
669 3331 810 3431 aggredi
835 3357 969 3428 opera;
1000 3361 1078 3434 quae
1106 3361 1150 3411 ex
1175 3337 1227 3412 his
1252 3335 1409 3410 Elemen-

514 3427 557 3501 tis
617 3429 730 3503 lucem
784 3427 1019 3510 foenerantur.
1091 3435 1245 3510 Utuntur
1289 3433 1411 3506 itidem

517 3525 720 3600 Matheseos
761 3528 951 3625 Scriptores
989 3529 1137 3607 Veteres
1175 3534 1211 3608 io
1246 3529 1310 3602 suis
1340 3527 1410 3602 De·

516 3622 819 3702 monstrationibus
848 3625 901 3699 his
931 3628 1084 3701 Eulsileis
1114 3626 1301 3708 trementis
1337 3643 1409 3699 tan-

522 3774 527 3782 ,
1016 3769 1021 3778 ·
1315 3745 1417 3820 quam
