3004 4872
206 323 1059 422 urnamrsvrra,aerrnnrrrrr1s.m
1191 285 1193 294 ¹

167 512 319 584 fierem
352 519 552 588 &metram
583 512 624 584 ab
657 511 846 586 Autoribur
878 513 1061 607 refertur3

167 633 228 685 nec
248 611 393 684 Euclides
417 609 454 682 in
478 607 666 686 Elementis
692 609 879 710 quidquam
903 615 1063 704 nomina·

168 709 225 782 tim
265 709 313 782 de
360 705 567 804 duplicando
601 709 698 780 Cubo
732 710 918 804 proposuit.
973 715 1064 789 Cum

169 806 281 902 itaque
318 804 537 878 haecomnia
560 827 656 902 aequa
681 805 780 878 lance
801 807 1063 902 ponderentur,

73 904 82 1007 ζ
167 906 279 976 nullas
315 901 446 976 inficias
478 903 528 975 ire
567 899 715 998 potest3
752 903 833 998 quin
873 903 930 978 ille
968 907 1067 982 locus

73 1011 76 1026 '
167 1003 289 1074 Valerii
312 999 396 1080 vitio
419 1001 578 1087 laborct3
602 1021 799 1099 nomenque
823 1003 960 1072 Euclidis
985 1009 1067 1074 Gee-

171 1120 271 1168 meerae
298 1095 424 1174 ibidem
457 1097 641 1171 delendum
673 1096 723 1170 stt.
775 1099 909 1174 Verum
934 1100 1068 1178 destru-

171 1194 232 1268 cto
263 1195 459 1270 VALERII
489 1195 594 1268 citato
620 1193 725 1284 loco,
758 1219 918 1274 corruere
944 1223 1069 1278 eorum

73 1329 74 1342 ¹
174 1291 410 1384 sententiam,
450 1291 508 1390 qui
543 1293 679 1362 Euclldis
721 1299 881 1366 Geometre
911 1298 1068 1376 AEtatem

172 1391 214 1464 ad
246 1393 381 1464 Platonis
413 1411 573 1486 tempora
604 1390 786 1481 referunt,
819 1417 901 1466 meo
933 1393 1067 1490 judicio

173 1488 329 1564 videtur:
365 1513 446 1562 cum
477 1509 602 1584 preter
634 1491 836 1562 l'aleriume
869 1491 1059 1568 Veteribus

177 1583 293 1660 testem
325 1585 458 1660 nullum
498 1585 601 1658 aliurn
633 1609 698 1682 pro
730 1586 795 1660 hac
818 1586 982 1684 opinione
1007 1588 1069 1666 ha·

179 1685 262 1757 beot.
315 1685 389 1760 Sed
421 1682 500 1782 quia
531 1705 575 1756 ex
607 1681 732 1756 eadem
764 1684 962 1782 conjediura
996 1707 1069 1760 ma·

73 1773 75 1784 ’
179 1779 294 1856 nilesto
325 1782 406 1856 satis
440 1799 516 1854 orta
547 1777 625 1870 est,
658 1806 700 1856 ea
739 1781 905 1880 cogitatio
939 1783 982 1856 de
1006 1784 1070 1861 Pa-

179 1875 238 1952 tria
268 1881 404 1951 Euclidls
437 1885 632 1966 Geometre,
674 1903 740 1976 qua
771 1887 938 1980 Megaram
972 1877 1071 1973 suill'e

73 2057 74 2064 ἵ
182 1973 357 2067 statuitur;
391 1999 473 2049 cum
504 1973 603 2048 binos
636 1975 700 2050 hos
733 1975 824 2050 inter
856 1975 890 2052 se
923 1977 1070 2060 confun-

73 2071 74 2080 ’
181 2071 262 2146 dunt
303 2074 445 2144 Euclides
472 2099 484 2160 ;
521 2071 650 2145 idcirco
681 2073 839 2146 Euclidem
864 2081 1070 2172 oramen,

73 2173 74 2180 ’
182 2175 387 2272 Megarensem
409 2169 525 2244 dicere
550 2192 621 2244 non
645 2173 820 2246 auderem.

73 2393 75 2448 1,
224 2359 259 2452 b.
284 2368 346 2441 IX.
372 2364 461 2440 Non
485 2385 600 2442 autem
631 2363 721 2440 inter
744 2365 778 2440 se
804 2363 1069 2442 confundendos

74 2453 78 2550 l
180 2459 240 2538 else
276 2465 380 2539 binos
412 2463 476 2538 hos
513 2461 679 2550 Euclides,
704 2463 808 2536 sed'a
846 2463 880 2536 se
918 2464 1072 2540 invicem

74 2557 77 2702 q
182 2563 320 2638 omnino
347 2559 607 2660 distinguendos
632 2557 726 2651 else,
762 2557 870 2634 multa
894 2559 970 2634 sunt
994 2585 1072 2660 quae

74 2713 75 2728 ,
176 2657 207 2732 id
241 2661 397 2736 suadent.
453 2661 495 2732 ln
532 2679 677 2756 utroque
717 2657 812 2732 errim
848 2659 977 2730 Euclide
1016 2679 1070 2737 tot

74 2729 78 2869 l
124 2833 129 2842 ,
176 2757 388 2834 daatteres
430 2755 628 2830 differentes
667 2755 748 2831 licet
780 2759 966 2854 reperire,
1011 2759 1070 2859 qui

75 2871 76 2924 l
176 2855 307 2934 abunde
332 2855 478 2929 alterurn
502 2853 545 2926 ab
560 2852 668 2927 altero
695 2855 864 2930 diversum
888 2851 1005 2950 soille,
1030 2857 1072 2932 sr-

75 2927 77 2998 l
173 2977 216 3027 ne
257 2955 333 3028 ullo
380 2950 485 3026 dubio
522 2949 638 3047 palam
677 2951 871 3028 ostendunt.
932 2955 1072 3031 Etenim

75 3069 77 3136 l
172 3069 242 3126 tarn
275 3057 441 3124 Geomerre
473 3047 634 3136 euclidis,
672 3073 775 3147 quarn
812 3049 984 3218 Philesqqhi
1013 3059 1071 3122 Se-

170 3153 276 3222 ereu'ee'
316 3149 505 3236 Patriam,
551 3145 587 3218 in
627 3169 693 3241 qua
739 3146 882 3246 quilibet
945 3133 1070 3236 uruit,

171 3245 401 3322 Domicilium
439 3243 593 3332 habuit,
637 3267 679 3316 ac
715 3243 854 3320 Publice
899 3243 1069 3320 Scientias

76 3373 79 3392 ·
172 3341 315 3436 docuit3
338 3343 477 3422 linobis
503 3339 555 3416 ob'
572 3341 691 3414 oculos
715 3367 906 3442 ponamus;
930 3368 972 3416 ea
996 3363 1072 3438 quae

167 3439 200 3542 ᾗ
239 3465 271 3518 2.
304 3465 342 3535 ς.
376 3439 415 3518 &
447 3450 479 3522 8.
520 3438 765 3534 adduximus,
819 3461 857 3516 uc
894 3438 1070 3538 utriusque

76 3553 77 3586 ³
168 3541 321 3618 eandem
351 3538 449 3616 fuiffe
480 3557 713 3638 putaremus,
753 3564 825 3616 non
856 3537 1071 3636 permittunt

76 3615 79 3732 l
169 3637 292 3744 Qturn
326 3638 492 3723 Euclides,
523 3635 581 3736 qui
622 3635 860 3711 Geometriarn
890 3635 1070 3726 exercuit,

92 3762 97 3772 ·
169 3759 225 3818 tc,
241 3737 387 3838 publice
420 3759 499 3812 earn
531 3729 699 3874 prqqess'us
731 3731 829 3828 luit,
867 3733 1071 3806 Alexandria

649 3853 672 3923 5
964 3829 1072 3907 Scho-
