3160 4914
590 233 996 391 ,zaa‘reuetrnrs
1037 289 1445 367 caonararn.

517 473 542 551 a
664 471 1459 554 THu0n1.nn0P0aa

511 631 514 636 ⁵
582 729 586 736 ,
656 653 847 822 ΤῐίιῐιξιιΙα
886 653 924 727 dt
964 654 1317 752 parallelogramma,
1365 683 1513 754 quorum

598 752 731 827 eadem
779 752 867 823 uerit
898 753 1076 840 aldruda,
1119 754 1168 826 ita
1204 753 1237 824 se
1269 751 1398 826 liabent
1419 756 1514 827 inter

604 851 671 940 se,
704 869 741 922 ut
763 848 867 924 bases.

494 1046 587 1101 TAB.
605 989 706 1150 -Slnt
725 1027 792 1092 duo
813 1031 970 1114 triangula
991 1025 1098 1108 ABC,
1118 1027 1220 1110 DEF,
1243 1031 1374 1092 eandem
1396 1030 1514 1092 lraben·

446 1127 535 1182 xxii.
672 1112 714 1175 tia
734 1112 948 1191 altitudinem,
969 1131 1108 1198 quorum
1124 1111 1207 1173 bases
1224 1110 1294 1193 BC,
1317 1110 1385 1175 EF.
1428 1113 1513 1176 ltern

441 1198 492 1276 fig.
513 1215 559 1276 .¹¹·
608 1191 675 1256 duo
695 1199 992 1276 parallelogramma
1011 1191 1095 1274 CG,
1124 1193 1212 1271 EH,
1242 1195 1383 1273 ejusdem
1404 1197 1515 1258 altitu·

610 1275 714 1358 dinis,
742 1291 887 1362 quorum
910 1278 1027 1342 eaedem
1047 1278 1130 1338 bal'es
1151 1275 1223 1354 BC,
1244 1276 1303 1340 EF
1308 1323 1315 1336 .
1360 1273 1446 1336 Dico
1468 1280 1513 1340 ita

609 1356 671 1420 effe
698 1359 894 1447 triangulum
920 1357 1033 1438 ABC,
1067 1358 1104 1422 ad
1132 1362 1327 1440 triangulum
1345 1356 1456 1436 DEF,
1478 1359 1513 1424 dt

608 1445 944 1524 parallelogrammum
973 1440 1059 1522 CG,
1104 1441 1141 1504 ad
1181 1446 1514 1523 parallelogrammum

609 1523 698 1605 EH,
727 1541 765 1589 ut
786 1525 827 1590 ell
848 1527 924 1590 bafia
944 1524 1019 1606 BC,
1042 1523 1080 1586 ad
1102 1524 1183 1586 balan
1205 1524 1266 1586 EF.
1307 1523 1383 1586 Hoc
1406 1522 1468 1600 est,
1490 1521 1511 1583 ii

609 1605 687 1670 baiis
715 1605 797 1690 BC,
829 1610 979 1674 llatuatur
1006 1607 1103 1687 prima
1132 1605 1342 1684 magnitudo,
1370 1603 1403 1670 &
1433 1604 1511 1668 bafia

609 1687 687 1771 EF,
711 1691 864 1756 secunda:
889 1697 936 1755 At
958 1691 1156 1768 triangulum
1175 1687 1285 1767 ABG,
1304 1693 1355 1749 vei
1379 1692 1513 1766 paralle-

610 1772 828 1850 logrammum
858 1771 945 1854 CG,
980 1771 1089 1848 tertia,
1126 1771 1158 1836 dt
1186 1773 1377 1850 triangulum
1403 1767 1513 1846 DEF,

608 1855 663 1912 vel
695 1859 1027 1936 parallelogrammum
1048 1853 1137 1932 EH,
1167 1869 1295 1935 quarta,
1317 1869 1406 1936 aeque
1427 1855 1512 1914 mul·

610 1933 726 2012 tiplieia
761 1938 866 2016 prima
902 1957 938 2000 ac
975 1933 1069 1998 tertiae
1103 1937 1139 1996 ab
1167 1955 1254 2020 aeque
1282 1933 1512 2014 multiplicibus

608 2013 754 2080 secundae
776 2018 809 2085 δι
830 2035 947 2104 quartae
967 2023 1018 2080 vel
1037 2035 1102 2080 una
1122 2016 1276 2084 deficere.
1309 2021 1360 2078 vei
1382 2035 1451 2078 una
1471 2037 1513 2080 ae·

609 2099 715 2183 qualia
735 2100 811 2181 esse,
830 2108 882 2165 vel
904 2123 967 2166 uua
984 2097 1147 2180 excedere,
1169 2115 1205 2162 ut
1226 2099 1367 2162 definitio
1389 2097 1418 2162 6.
1442 2099 1511 2161 libr.

610 2199 640 2260 5.
662 2184 766 2264 erigit.
796 2183 1010 2250 Colloceutur
1030 2183 1113 2246 enim
1134 2199 1199 2244 tarn
1221 2183 1389 2261 triangula,
1411 2197 1513 2324 qulam

610 2271 906 2346 parallelogramma
940 2271 1018 2330 inter
1054 2263 1174 2328 easdem
1215 2269 1375 2342 parallelas
1449 2261 1513 2340 H,

611 2347 690 2431 LN,
735 2349 838 2425 (Nam
859 2367 893 2414 ut
915 2354 945 2413 in
967 2349 1063 2412 defin.
1084 2366 1115 2429 4.
1137 2347 1254 2410 ditium
1274 2343 1333 2422 est,
1355 2345 1515 2424 triangula

610 2452 647 2496 ac
675 2438 971 2514 parallelogramma
999 2449 1068 2496 turn
1095 2431 1224 2493 demum
1253 2427 1382 2490 eandem
1418 2429 1514 2490 lrabe-

611 2515 690 2576 bunt
711 2517 927 2592 altitudinem,
950 2535 1026 2578 cum
1050 2515 1126 2576 iuter
1149 2510 1268 2573 easdem
1291 2509 1406 2572 fuerint
1428 2527 1513 2572 con-

611 2596 713 2659 stituta
732 2603 918 2676 parallelas,
941 2597 981 2657 lic
1005 2598 1088 2657 enirn
1108 2592 1375 2675 perpendiculares
1398 2590 1414 2651 d
1440 2611 1516 2653 ver·

608 2679 718 2741 ricibus
747 2680 784 2740 ad
817 2680 899 2740 baiis
927 2678 1057 2740 derniliae
1085 2682 1219 2762 aquales
1248 2679 1381 2748 erunr,l
1411 2673 1446 2740 ὅ(
1472 2691 1511 2736 err

608 2757 689 2834 BL,
720 2757 881 2822 sumantur
910 2777 1120 2846 quotcunque
1140 2759 1229 2824 reela
1250 2759 1310 2836 Bl,
1332 2755 1399 2831 lK,
1422 2754 1511 2836 KL,

609 2838 661 2916 ipn
688 2837 768 2920 BC,
801 2847 964 2926 teqtrales3
995 2843 1075 2905 ltern
1110 2859 1147 2903 ex
1179 2841 1260 2920 FN,
1289 2838 1513 2902 abscindantur

600 2987 606 2994 ,
634 2939 822 3006 uotcunque
844 2927 934 2987 reela
955 2925 1044 2990 FM.
1067 2923 1159 3004 MN,
1181 2929 1312 3008 aquales
1333 2919 1422 2986 redae
1441 2923 1509 2984 Eli.

649 3004 735 3067 einde
753 3023 789 3068 ex
806 3009 856 3088 A,
881 3007 913 3072 dt
936 3007 986 3083 D,
1010 3005 1203 3070 deducantur
1223 3007 1311 3068 reclae
1326 3005 1397 3083 nl,
1419 3001 1511 3086 ΛΚ,

447 3087 700 3164 138.p¹lmlAL;
727 3087 827 3170 DM,
860 3088 946 3160 DN,
981 3106 1095 3151 uerunt
1116 3089 1206 3170 igitur
1227 3089 1380 3168 triangula
1400 3085 1510 3162 ABC,

608 3173 715 3258 Alli,
746 3171 858 3254 AKl,
887 3169 1010 3252 ΛΕΚ,
1053 3168 1143 3250 super
1172 3175 1306 3256 aquales
1336 3169 1449 3246 bases,
1480 3171 1512 3237 δι

606 3255 687 3321 iuter
712 3256 837 3320 easdem
860 3262 1022 3336 parallelas
1045 3252 1233 3334 constitura,
1258 3255 1333 3314 inter
1355 3253 1385 3314 se
1405 3271 1514 3336 aequa·

611 3342 664 3404 lia.
707 3338 827 3406 Eadem
847 3342 967 3401 ratione
987 3337 1116 3422 aequalia
1133 3339 1394 3416 eruntxtriangula
1407 3333 1513 3426 DEF,

608 3421 738 3503 DFM,
765 3419 882 3486 DMN.
925 3422 1033 3505 Quam
1061 3423 1225 3498 multiplex
1255 3417 1296 3480 ell
1324 3435 1400 3498 ergo
1429 3420 1516 3487 reela

610 3503 690 3590 CL,
712 3507 800 3571 retiae
819 3503 893 3590 BC,
917 3519 982 3568 tam
1003 3503 1165 3578 multiplex
1189 3519 1320 3584 quoque
1340 3503 1396 3560 erit
1418 3503 1518 3567 trian-

609 3585 727 3676 ¹reulum
749 3587 860 3672 ACL,
882 3588 1028 3666 'trianguli
1049 3585 1156 3662 AB&
1177 3586 1210 3652 &
1231 3601 1324 3668 quarn
1345 3584 1516 3664 multiplex

612 3676 654 3739 est
675 3677 757 3740 testa
776 3673 860 3752 EN,
892 3669 980 3736 reeta
1001 3667 1057 3734 EF
1075 3716 1084 3751 ,
1108 3685 1173 3734 tam
1195 3684 1322 3768 quoque
1344 3667 1516 3748 multiplex

611 3761 668 3828 tait
693 3759 888 3842 triangulum
916 3751 1032 3838 DEN,
1067 3753 1215 3837 triangula
1244 3747 1331 3814 DEF
1342 3793 1353 3829 ,
1382 3751 1461 3834 quia
1486 3752 1519 3818 in
