3140 4910
525 211 587 280 180
624 213 931 287 ΕΗΒ-ΜΒΝ
971 218 1368 288 GEOMETRIAE·

668 415 1298 504 DEFIN1T10.'xt.

582 606 821 703 Homologae‚
854 609 911 682 seu
953 609 1076 682 similes
1103 607 1235 683 ratione
1260 610 1429 708 magnitu-

530 703 656 793 dines,
689 705 848 778 dituntm
885 707 1128 780 antecedentes
1161 706 1298 804 quidem
1334 731 1429 780 unte-

531 801 765 892 cedentibus,
805 803 1049 900 consequentes
1092 829 1176 877 vero
1222 803 1429 902 catast-quen-

532 901 634 972 tibus.
703 931 708 940 ·

530 1030 730 1152 DEſsns'vit
749 1039 844 1124 [iopen
859 1039 1160 1132 proportionalitatem
1177 1089 1187 1117 ,
1207 1039 1429 1134 proportionum

626 1133 677 1220 effe
690 1131 931 1223 fimilituils'nem.
981 1136 1078 1202 Docet
1100 1139 1187 1222 jam,
1210 1159 1269 1200 non
1278 1135 1379 1225 solum
1394 1156 1428 1198 m

526 1231 802 1324 proportionalitate
833 1236 940 1324 quovis
971 1221 1170 1328 proportiones
1201 1229 1266 1296 dici
1289 1229 1422 1324 fimile13

530 1325 647 1394 Vnu-
659 1327 749 1394 etiom
771 1331 911 1398 terminos
929 1327 1020 1421 ipfhs,
1038 1327 1094 1417 seu
1107 1332 1294 1418 quantitates,
1314 1324 1428 1417 smiles

407 1455 411 1468 ,
529 1415 613 1503 diei,
639 1419 862 1517 hamtonasira
886 1423 1008 1504 deceni,
1033 1425 1232 1492 antecedentes
1242 1419 1428 1518 magnitudi-

531 1539 582 1586 nes
593 1519 736 1618 appellari
750 1483 940 1616 lomologas,
960 1522 1014 1612 fleu
1024 1521 1135 1610 smiles
1149 1526 1334 1616 proportione
1348 1522 1425 1586 inter

523 1613 579 1704 so,
606 1639 731 1684 necnon
746 1618 948 1712 consequentes
970 1641 1045 1686 tuter
1063 1619 1117 1710 fh,
1144 1639 1177 1686 itt
1199 1619 1426 1712 intelligeremur

529 1713 564 1780 in
584 1735 674 1803 quom
691 1713 834 1807 plurimis
854 1711 1165 1798 demonstrationibus,
1190 1738 1318 1807 quonam
1333 1717 1427 1780 latera

520 1804 697 1898 figurarum
717 1810 796 1880 i'nter
812 1815 848 1901 se
867 1837 1058 1910 conopaeum,
1092 1813 1290 1878 antecedentia
1302 1809 1426 1876 debeant

530 1901 581 1992 ese
603 1909 851 2005 proportionum,
884 1923 932 1979 (a
954 1931 1086 2003 qumam
1104 1907 1323 2002 consequentia,
1347 1910 1428 1972 iiiiii

407 2013 499 2066 ΤΑΒ.
530 2006 566 2068 6.
587 1997 641 2070 lib.
657 2003 845 2100 perspiciam
862 2003 924 2092 fiet.
974 2010 1010 2073 Si
1029 2009 1123 2100 guter
1141 2003 1181 2094 es
1197 2007 1345 2100 proportio
1363 2004 1424 2084 A,

370 2094 453 2145 XW·
530 2092 572 2164 ad
587 2104 630 2182 B,
656 2123 718 2193 quo
731 2107 774 2185 C,
801 2106 842 2168 ad
858 2106 891 2168 D
907 2151 919 2183 ‚
946 2101 1061 2170 dicetur
1080 2105 1226 2194 quantitas
1240 2103 1296 2180 A,
1314 2099 1426 2190 smilis

370 2168 463 2270 Μ
530 2200 692 2287 qiniiim
706 2203 752 2280 e,
779 2213 826 2268 a
847 2205 891 2280 a,
907 2199 1018 2290 fimitis
1036 2200 1090 2296 opp
1111 2201 1155 2265 a.
1208 2195 1427 2294 eripietne

531 2292 692 2362 litutlinem
720 2301 802 2364 enim
819 2301 1064 2394 proportionum,
1096 2296 1197 2382 necesc
1219 2293 1282 2386 esl,
1308 2313 1427 2360 utram-

530 2411 587 2482 que
619 2394 858 2488 magnitudinem
885 2393 1099 2461 antecedentem
1126 2396 1178 2458 uel
1211 2390 1349 2482 equalem
1376 2388 1428 2474 ese

530 2491 647 2582 utrique
666 2489 877 2581 consequenti,
902 2495 953 2557 vel
974 2489 1075 2556 eodem
1090 2489 1176 2556 modo
1192 2493 1353 2581 mojorem,
1375 2503 1429 2553 atet

532 2587 697 2654 minorem:
726 2589 819 2656 Altas
839 2613 898 2654 tion
918 2583 1031 2654 liaberet
1058 2605 1179 2677 utraque
1198 2579 1366 2650 antecedens
1385 2578 1427 2648 ad

531 2699 686 2772 utramque
695 2686 916 2776 consequentem
927 2687 1141 2780 proportionata
1154 2682 1286 2748 eandem,
1310 2683 1428 2746 Exem-

523 2774 615 2868 plum
635 2774 719 2844 habes
739 2784 771 2846 in
793 2779 1042 2874 niegnitudiuiluu
1066 2780 1238 2876 prepofitis,
1270 2779 1304 2844 in
1325 2771 1427 2869 quilius

530 2871 731 2942 antecedentes
750 2881 876 2969 iuniores
889 2878 952 2960 sunt
971 2875 1165 2944 eodemmodo
1183 2869 1427 2965 consequentibus.

530 2967 640 3038 Aliud
660 2975 829 3070 exemplum
855 2974 940 3042 vides
961 2981 993 3040 in
1021 2969 1272 3071 magnitudinibus
1293 2974 1346 3052 E,
1381 2975 1428 3053 F,

532 3069 585 3149 G,
613 3075 750 3136 continue
777 3069 1062 3168 proportionalibus,
1095 3069 1144 3138 isloi
1158 3093 1222 3138 tam
1243 3071 1290 3150 Ε,
1316 3083 1364 3136 θ’
1379 3071 1410 3134 F
1414 3117 1426 3149 ,

531 3162 689 3260 homologo
703 3165 796 3256 sunt,
820 3173 910 3258 quom
936 3173 977 3250 F,
1006 3185 1053 3236 tr*
1070 3171 1117 3248 G,
1141 3163 1305 3254 utconslat.
1355 3165 1429 3230 At-

433 3289 440 3308 ·
532 3285 587 3352 que
607 3261 683 3330 lianc
704 3261 739 3330 ob
759 3263 877 3355 causam
907 3263 1044 3330 Euclides
1070 3267 1103 3329 in
1129 3259 1222 3354 defin.
1250 3268 1283 3330 6.
1317 3275 1365 3332 θ’
1393 3262 1426 3328 8.
1566 3265 1568 3270 ’

525 3358 611 3456 juffit
626 3365 721 3457 accipi
735 3385 812 3453 oque
834 3361 1013 3457 multiplicia
1021 3365 1124 3454 prime
1143 3377 1191 3428 tr
1204 3359 1294 3426 tertie
1307 3361 1430 3454 magni-

532 3457 693 3542 tudinum,
727 3454 782 3522 hoc
801 3455 863 3551 est,
895 3459 1158 3560 antecedentium:
1189 3459 1268 3522 Item
1281 3456 1431 3547 aliaeque

532 3556 711 3650 multiplicia
724 3552 884 3644 secundo,
910 3571 955 3623 cr·
978 3573 1086 3645 quarto
1100 3549 1359 3648 magnitudinum,
1380 3555 1433 3618 ni-
1556 3573 1561 3582 ·

532 3657 645 3722 mirum
672 3651 918 3745 consequentium.
965 3655 1028 3720 He
1063 3652 1144 3718 enim
1165 3649 1279 3742 smiles
1298 3650 1372 3744 sian
1398 3651 1433 3714 iot

1348 3769 1436 3842 mog-
