3030 4864
457 265 556 360 ζων
599 245 754 318 uuuvu
786 245 1032 320 NARRATIO
1061 245 1310 320 HlsTORICA

478 420 571 516 [licuit
600 429 855 509 EUDOXUM
888 441 1087 508 Geometram.
1138 437 1189 504 Ire
1218 425 1384 529 legendusn

480 526 602 628 efieudit
628 527 805 597 Plutarchus
827 529 865 600 de
888 531 953 602 Deo
979 538 1130 614 Socratis,
1165 535 1217 628 qui
1240 537 1272 596 in
1296 531 1386 594 Get-

483 631 607 730 rpretrica
629 625 777 720 questione
800 626 923 696 Eudoxi
956 629 1060 698 Cnidii
1085 632 1218 698 Platonis
1239 623 1389 724 discipuli

481 722 629 796 uminis.
705 721 803 796 Idem
859 724 958 797 se'utit
1019 723 1280 797 MENAGIUS
1337 718 1389 792 ad

481 817 618 892 DIOG.
645 817 821 892 LAERT.
846 819 897 891 tit.
924 843 961 894 11.
979 823 1076 919 segm.
1106 831 1185 896 106.
1212 819 1387 907 scribens,

484 915 542 990 illa
572 915 675 990 leuia
707 920 879 1027 piditalleri·
907 938 1104 1028 temporum
1137 917 1262 992 rationi
1292 913 1410 1030 opti,

480 1011 1391 1218 iioebiiiiniliiiltGeiiieliraeliiiiieniuiagriipoiiiiii‘:

485 1207 605 1308 quibus
642 1211 755 1294 Plato,
788 1211 883 1308 cujus
916 1209 1021 1284 etiam
1052 1211 1186 1286 auditor
1219 1207 1311 1298 fuit3
1343 1207 1388 1282 fi·
1491 1273 1493 1282 .

486 1303 559 1378 cuti
583 1329 627 1378 ex
654 1307 813 1406 catalogo
838 1309 1194 1398 Mathematicoruin,
1228 1309 1248 1380 i
1274 1307 1393 1378 Preclo

489 1419 615 1476 ornato
645 1399 675 1500 ᾗ
712 1427 742 1478 1.
784 1403 948 1502 colligere
983 1406 1044 1481 est.
1097 1405 1212 1510 Quare
1248 1409 1393 1476 Valerius

488 1499 528 1570 de
548 1525 620 1570 vero
644 1505 764 1570 neruine
787 1507 947 1574 Geometrae
972 1527 1080 1606 parum
1098 1509 1247 1602 fhilicitus
1260 1501 1394 1596 fierit}

491 1611 540 1671 θ’
573 1596 765 1670 Celeberrimi
796 1605 961 1672 Geometre·
984 1629 1090 1674 nomeu
1121 1603 1202 1674 haud
1216 1601 1303 1695 satit
1321 1603 1393 1668 cir·

490 1723 559 1766 cum
606 1695 651 1764 lie
684 1701 850 1798 arripuerit.
909 1701 1084 1774 Monente
1124 1696 1391 1772 TORRENIO

489 1792 535 1864 ad
591 1815 658 1864 unc
681 1791 807 1866 locum.
858 1795 1027 1870 observat
1052 1823 1157 1892 porro
1184 1795 1387 1870 VOSSlUS

491 1891 551 1958 lec.
576 1891 627 1959 cir.
681 1889 802 1964 Delios
835 1891 879 1964 ad
914 1893 1074 1966 Euclidem
1099 1901 1287 1966 Geomeuam
1312 1891 1393 1966 mis-

492 1983 574 2074 sos,
605 1983 791 2082 nequidem
815 1987 858 2063 de
881 1997 1030 2062 Socratico
1055 2017 1175 2068 verum
1200 1989 1295 2079 esse3
1331 1990 1394 2064 sed

494 2081 588 2182 quod
613 2086 701 2153 Plato
732 2086 890 2182 rejecerit
914 2088 997 2162 illud
1021 2091 1202 2166 Problema
1225 2087 1268 2161 ad
1293 2086 1395 2160 disci·

495 2179 593 2277 pulos
634 2179 720 2253 suos.
788 2183 947 2282 Denique
991 2185 1179 2262 PETRUS
1215 2185 1396 2260 RAMUS

365 2316 368 2327 ·
494 2286 529 2348 in
568 2275 676 2350 Schola
715 2280 868 2352 Mathem.
908 2281 959 2354 lib.
998 2304 1029 2358 1.
1058 2305 1129 2386 pag.
1159 2314 1201 2356 ru.
1239 2307 1294 2357 22.
1332 2305 1392 2376 23.

494 2373 693 2464 existimat,
729 2380 822 2474 quod
855 2379 919 2454 iac
952 2382 988 2454 in
1021 2407 1058 2454 re
1091 2383 1200 2480 major
1232 2381 1318 2454 fides
1350 2379 1396 2454 fit

494 2471 654 2548 habenda
678 2477 894 2572 Eratostheni,
937 2478 993 2574 qui
1020 2482 1176 2552 Euclidem
1202 2487 1396 2553 Geometram

521 2571 656 2642 roxime
690 2571 822 2646 secutus
858 2571 935 2662 est3
969 2601 1070 2674 quam
1096 2581 1244 2648 Valerio.-
1277 2577 1394 2648 ERA-

533 2667 789 2739 OSTHENES
828 2690 942 2743 autem
984 2673 1019 2746 in
1060 2673 1211 2768 Epistola
1244 2673 1397 2769 quadam

494 2760 539 2834 ad
583 2761 720 2858 Regem
760 2767 987 2859 Ptolemaeum,
1029 2769 1119 2842 iuter
1160 2791 1284 2845 caetera
1315 2767 1395 2843 haec

497 2857 611 2931 scribit
636 2861 752 2932 verba.
803 2867 982 2960 Aliquando
1013 2893 1085 2938 uere
1111 2869 1173 2968 pel
1193 2874 1279 2969 ajunt
1302 2868 1401 2940 Deli-

494 2983 526 3027 ω
541 2957 690 3056 graffante
719 2957 844 3050 morio,
871 2961 1037 3056 secundum
1071 2969 1263 3052 Orcculum,
1291 2964 1400 3063 dupli-

496 3081 575 3129 ccre.
595 3054 746 3148 quendam
776 3060 883 3128 Aram
907 3062 1020 3158 Mos,
1055 3063 1184 3156 incidtffit
1213 3069 1247 3132 in
1270 3063 1399 3134 eandm

492 3155 709 3245 anxietatem,
750 3177 871 3252 tumque
917 3160 1102 3258 implorando
1151 3164 1323 3238 Platonicos
1360 3163 1399 3230 itt

495 3247 671 3319 Academia
724 3257 894 3326 Geometras
931 3259 1085 3352 ercviffe,
1127 3278 1160 3330 ut
1212 3257 1398 3356 questionem

496 3345 693 3437 diffitemur.
729 3365 803 3424 cre.
857 3352 1078 3456 Quapropter
1111 3355 1192 3430 hinc
1226 3355 1333 3430 etiam
1357 3353 1398 3429 li·

498 3443 605 3538 quido
638 3446 831 3524 attendenti
871 3449 1011 3525 cuilibet
1054 3453 1211 3530 constare
1242 3451 1393 3551 potest,

500 3541 644 3614 omnino
666 3545 789 3620 erruiie
813 3544 848 3620 in
875 3547 1024 3624 nominis
1050 3551 1278 3650 descriptione
1300 3551 1395 3622 Vale·

500 3642 594 3710 rium.
633 3639 730 3718 Nam
754 3668 820 3720 nec
843 3643 1029 3753 quidquam
1052 3647 1216 3748 duplicati
1240 3643 1326 3726 Cubi
1334 3639 1394 3812 Eapl
