<?xml version="1.0" encoding="UTF-8"?>
<!DOCTYPE html PUBLIC "-//W3C//DTD XHTML 1.0 Transitional//EN"
    "http://www.w3.org/TR/xhtml1/DTD/xhtml1-transitional.dtd">
<html xmlns="http://www.w3.org/1999/xhtml" xml:lang="en" lang="en">
 <head>
  <title>
</title>
<meta http-equiv="Content-Type" content="text/html;charset=utf-8" />
  <meta name='ocr-system' content='tesseract 3.04.00' />
  <meta name='ocr-capabilities' content='ocr_page ocr_carea ocr_par ocr_line ocrx_word'/>
</head>
<body>
  <div class='ocr_page' id='page_1' title='image "./euclidiselement01euclgoog/euclidiselement01euclgoog_0088.png"; bbox 0 0 3030 4864; ppageno 0'>
   <div class='ocr_carea' id='block_1_1' title="bbox 483 267 1293 344">
    <p class='ocr_par' dir='ltr' id='par_1_1' title="bbox 483 267 1293 344">
     <span class='ocr_line' id='line_1_1' title="bbox 483 267 1293 344; baseline 0.005 -4"><span class='ocrx_word' id='word_1_1' title='bbox 483 291 534 342; x_wconf 80' lang='grc' dir='ltr'>ιιι</span> <span class='ocrx_word' id='word_1_2' title='bbox 581 267 738 338; x_wconf 72' lang='lat' dir='ltr'>Butvts</span> <span class='ocrx_word' id='word_1_3' title='bbox 766 267 1008 342; x_wconf 81' lang='lat' dir='ltr'>NARRATIO</span> <span class='ocrx_word' id='word_1_4' title='bbox 1036 272 1293 344; x_wconf 83' lang='lat' dir='ltr'>HISTORICA</span> 
     </span>
    </p>
   </div>
   <div class='ocr_carea' id='block_1_2' title="bbox 410 450 1385 2870">
    <p class='ocr_par' dir='ltr' id='par_1_2' title="bbox 410 450 1384 1226">
     <span class='ocr_line' id='line_1_2' title="bbox 483 450 1384 550; baseline -0.002 -22"><span class='ocrx_word' id='word_1_5' title='bbox 483 477 565 528; x_wconf 88' lang='lat' dir='ltr'>cum</span> <span class='ocrx_word' id='word_1_6' title='bbox 595 450 744 548; x_wconf 88' lang='lat' dir='ltr'>primum</span> <span class='ocrx_word' id='word_1_7' title='bbox 769 474 841 526; x_wconf 90' lang='lat' dir='ltr'>non</span> <span class='ocrx_word' id='word_1_8' title='bbox 872 451 936 543; x_wconf 85' lang='lat' dir='ltr'>fit,</span> <span class='ocrx_word' id='word_1_9' title='bbox 972 455 1173 550; x_wconf 87' lang='lat' dir='ltr'>proponitur</span> <span class='ocrx_word' id='word_1_10' title='bbox 1205 451 1384 526; x_wconf 87' lang='lat' dir='ltr'>invenien-</span> 
     </span>
     <span class='ocr_line' id='line_1_3' title="bbox 481 547 1380 647; baseline -0.002 -21"><span class='ocrx_word' id='word_1_11' title='bbox 481 551 591 638; x_wconf 87' lang='lat' dir='ltr'>dum,</span> <span class='ocrx_word' id='word_1_12' title='bbox 625 571 666 621; x_wconf 92' lang='lat' dir='ltr'>ac</span> <span class='ocrx_word' id='word_1_13' title='bbox 698 547 976 622; x_wconf 81' lang='lat' dir='ltr'>construendum.</span> <span class='ocrx_word' id='word_1_14' title='bbox 1036 553 1097 626; x_wconf 91' lang='lat' dir='ltr'>Uti</span> <span class='ocrx_word' id='word_1_15' title='bbox 1122 553 1217 647; x_wconf 70' lang='lat' dir='ltr'>supra</span> <span class='ocrx_word' id='word_1_16' title='bbox 1248 549 1380 624; x_wconf 66' lang='lat' dir='ltr'>retiam</span> 
     </span>
     <span class='ocr_line' id='line_1_4' title="bbox 480 643 1382 746; baseline -0.001 -25"><span class='ocrx_word' id='word_1_17' title='bbox 480 648 613 721; x_wconf 87' lang='lat' dir='ltr'>lineam</span> <span class='ocrx_word' id='word_1_18' title='bbox 637 643 772 718; x_wconf 87' lang='lat' dir='ltr'>finitam</span> <span class='ocrx_word' id='word_1_19' title='bbox 792 645 901 718; x_wconf 89' lang='lat' dir='ltr'>Trian</span> <span class='ocrx_word' id='word_1_20' title='bbox 926 648 1020 722; x_wconf 89' lang='lat' dir='ltr'>ulum</span> <span class='ocrx_word' id='word_1_21' title='bbox 1044 647 1275 746; x_wconf 86' lang='lat' dir='ltr'>aequilaterum</span> <span class='ocrx_word' id='word_1_22' title='bbox 1299 668 1382 720; x_wconf 73' lang='lat' dir='ltr'>com</span> 
     </span>
     <span class='ocr_line' id='line_1_5' title="bbox 410 672 1383 832; baseline 0.001 -16"><span class='ocrx_word' id='word_1_23' title='bbox 410 751 415 760; x_wconf 87' lang='lat'>&#39;</span> <span class='ocrx_word' id='word_1_24' title='bbox 484 741 646 832; x_wconf 79' lang='lat' dir='ltr'>stituere,</span> <span class='ocrx_word' id='word_1_25' title='bbox 676 743 857 816; x_wconf 88' lang='lat' dir='ltr'>Problema</span> <span class='ocrx_word' id='word_1_26' title='bbox 871 672 933 817; x_wconf 69' lang='lat' dir='ltr'>eti.</span> <span class='ocrx_word' id='word_1_27' title='bbox 983 748 1023 816; x_wconf 86' lang='lat' dir='ltr'>ln</span> <span class='ocrx_word' id='word_1_28' title='bbox 1047 745 1142 818; x_wconf 83' lang='lat' dir='ltr'>omni</span> <span class='ocrx_word' id='word_1_29' title='bbox 1167 745 1383 817; x_wconf 80' lang='lat' dir='ltr'>Problemate</span> 
     </span>
     <span class='ocr_line' id='line_1_6' title="bbox 418 839 1379 936; baseline -0.006 -21"><span class='ocrx_word' id='word_1_30' title='bbox 418 918 422 936; x_wconf 21' lang='lat' dir='ltr'><strong>K</strong></span> <span class='ocrx_word' id='word_1_31' title='bbox 482 841 552 916; x_wconf 91' lang='lat' dir='ltr'>duo</span> <span class='ocrx_word' id='word_1_32' title='bbox 585 839 741 914; x_wconf 86' lang='lat' dir='ltr'>notanda</span> <span class='ocrx_word' id='word_1_33' title='bbox 764 841 934 923; x_wconf 66' lang='lat' dir='ltr'>veniatur</span> <span class='ocrx_word' id='word_1_34' title='bbox 959 846 1102 928; x_wconf 77' lang='lat' dir='ltr'>Datum,</span> <span class='ocrx_word' id='word_1_35' title='bbox 1129 839 1167 914; x_wconf 71' lang='lat' dir='ltr'>a</span> <span class='ocrx_word' id='word_1_36' title='bbox 1190 842 1379 936; x_wconf 72' lang='lat' dir='ltr'>Quaefitumr</span> 
     </span>
     <span class='ocr_line' id='line_1_7' title="bbox 484 935 1380 1034; baseline -0.001 -22"><span class='ocrx_word' id='word_1_37' title='bbox 484 937 532 1012; x_wconf 87' lang='lat' dir='ltr'>fic</span> <span class='ocrx_word' id='word_1_38' title='bbox 568 935 604 1010; x_wconf 86' lang='lat' dir='ltr'>in</span> <span class='ocrx_word' id='word_1_39' title='bbox 642 936 806 1034; x_wconf 83' lang='lat' dir='ltr'>affignato</span> <span class='ocrx_word' id='word_1_40' title='bbox 851 938 1099 1026; x_wconf 87' lang='lat' dir='ltr'>Problemate,</span> <span class='ocrx_word' id='word_1_41' title='bbox 1140 939 1257 1011; x_wconf 88' lang='lat' dir='ltr'>datum</span> <span class='ocrx_word' id='word_1_42' title='bbox 1294 935 1380 1024; x_wconf 91' lang='lat' dir='ltr'>est,</span> 
     </span>
     <span class='ocr_line' id='line_1_8' title="bbox 483 1031 1381 1130; baseline -0.002 -22"><span class='ocrx_word' id='word_1_43' title='bbox 483 1031 579 1108; x_wconf 72' lang='lat' dir='ltr'>reiia</span> <span class='ocrx_word' id='word_1_44' title='bbox 609 1031 704 1106; x_wconf 84' lang='lat' dir='ltr'>linea</span> <span class='ocrx_word' id='word_1_45' title='bbox 735 1031 833 1106; x_wconf 87' lang='lat' dir='ltr'>finita</span> <span class='ocrx_word' id='word_1_46' title='bbox 855 1057 867 1122; x_wconf 81' lang='lat'>3</span> <span class='ocrx_word' id='word_1_47' title='bbox 905 1033 1112 1130; x_wconf 81' lang='lat' dir='ltr'>quaesrtum,</span> <span class='ocrx_word' id='word_1_48' title='bbox 1155 1035 1251 1130; x_wconf 26' lang='lat' dir='ltr'>trian*</span> <span class='ocrx_word' id='word_1_49' title='bbox 1268 1034 1313 1106; x_wconf 92' lang='lat' dir='ltr'>uli</span> <span class='ocrx_word' id='word_1_50' title='bbox 1337 1057 1381 1106; x_wconf 81' lang='lat' dir='ltr'>re·</span> 
     </span>
     <span class='ocr_line' id='line_1_9' title="bbox 487 1057 1382 1226; baseline 0.002 -24"><span class='ocrx_word' id='word_1_51' title='bbox 487 1127 642 1202; x_wconf 75' lang='lat' dir='ltr'>&#39;uilateti</span> <span class='ocrx_word' id='word_1_52' title='bbox 692 1127 802 1226; x_wconf 56' lang='lat' dir='ltr'>supet*</span> <span class='ocrx_word' id='word_1_53' title='bbox 841 1129 956 1204; x_wconf 84' lang='lat' dir='ltr'>datam</span> <span class='ocrx_word' id='word_1_54' title='bbox 1001 1131 1126 1204; x_wconf 85' lang='lat' dir='ltr'>lineam</span> <span class='ocrx_word' id='word_1_55' title='bbox 1171 1057 1382 1204; x_wconf 64' lang='lat' dir='ltr'>coniiutio.</span> 
     </span>
    </p>

    <p class='ocr_par' dir='ltr' id='par_1_3' title="bbox 425 1213 1385 2870">
     <span class='ocr_line' id='line_1_10' title="bbox 531 1213 1383 1324; baseline 0 -24"><span class='ocrx_word' id='word_1_56' title='bbox 531 1225 743 1300; x_wconf 84' lang='lat' dir='ltr'>oblematum</span> <span class='ocrx_word' id='word_1_57' title='bbox 783 1245 852 1300; x_wconf 90' lang='lat' dir='ltr'>tres</span> <span class='ocrx_word' id='word_1_58' title='bbox 893 1226 1022 1323; x_wconf 87' lang='lat' dir='ltr'>species</span> <span class='ocrx_word' id='word_1_59' title='bbox 1061 1213 1207 1300; x_wconf 78' lang='lat' dir='ltr'>Veteres</span> <span class='ocrx_word' id='word_1_60' title='bbox 1247 1245 1383 1324; x_wconf 83' lang='lat' dir='ltr'>ponunt</span> 
     </span>
     <span class='ocr_line' id='line_1_11' title="bbox 484 1321 1382 1412; baseline -0.003 -13"><span class='ocrx_word' id='word_1_61' title='bbox 484 1322 755 1412; x_wconf 83' lang='lat' dir='ltr'>Mathematici,</span> <span class='ocrx_word' id='word_1_62' title='bbox 790 1325 943 1408; x_wconf 70' lang='lat' dir='ltr'>riarum,</span> <span class='ocrx_word' id='word_1_63' title='bbox 978 1323 1143 1412; x_wconf 56' lang='lat' dir='ltr'>Sutrium,</span> <span class='ocrx_word' id='word_1_64' title='bbox 1175 1321 1215 1398; x_wconf 73' lang='grc' dir='ltr'>δι</span> <span class='ocrx_word' id='word_1_65' title='bbox 1247 1329 1382 1396; x_wconf 75' lang='lat' dir='ltr'>lineare.</span> 
     </span>
     <span class='ocr_line' id='line_1_12' title="bbox 485 1419 1385 1518; baseline 0.001 -24"><span class='ocrx_word' id='word_1_66' title='bbox 485 1424 618 1494; x_wconf 72' lang='lat' dir='ltr'>Planum</span> <span class='ocrx_word' id='word_1_67' title='bbox 649 1419 807 1510; x_wconf 88' lang='lat' dir='ltr'>dicitur,</span> <span class='ocrx_word' id='word_1_68' title='bbox 846 1421 939 1518; x_wconf 92' lang='lat' dir='ltr'>quod</span> <span class='ocrx_word' id='word_1_69' title='bbox 994 1445 1032 1494; x_wconf 89' lang='lat' dir='ltr'>er</span> <span class='ocrx_word' id='word_1_70' title='bbox 1062 1421 1171 1496; x_wconf 71' lang='lat' dir='ltr'>tetras</span> <span class='ocrx_word' id='word_1_71' title='bbox 1206 1420 1312 1494; x_wconf 81' lang='lat' dir='ltr'>linear</span> <span class='ocrx_word' id='word_1_72' title='bbox 1343 1419 1385 1495; x_wconf 70' lang='grc' dir='ltr'><strong>ἃ</strong></span> 
     </span>
     <span class='ocr_line' id='line_1_13' title="bbox 485 1447 1384 1614; baseline -0.004 -22"><span class='ocrx_word' id='word_1_73' title='bbox 485 1518 604 1592; x_wconf 86' lang='lat' dir='ltr'>circuli</span> <span class='ocrx_word' id='word_1_74' title='bbox 629 1516 941 1592; x_wconf 82' lang='lat' dir='ltr'>circumferentiam</span> <span class='ocrx_word' id='word_1_75' title='bbox 964 1447 1050 1592; x_wconf 69' lang='lat' dir='ltr'>iirlvi</span> <span class='ocrx_word' id='word_1_76' title='bbox 1075 1516 1203 1614; x_wconf 82' lang='lat' dir='ltr'>potest.</span> <span class='ocrx_word' id='word_1_77' title='bbox 1244 1517 1384 1589; x_wconf 64' lang='lat' dir='ltr'>uotum</span> 
     </span>
     <span class='ocr_line' id='line_1_14' title="bbox 486 1613 1383 1712; baseline -0.004 -21"><span class='ocrx_word' id='word_1_78' title='bbox 486 1613 571 1705; x_wconf 87' lang='lat' dir='ltr'>est,</span> <span class='ocrx_word' id='word_1_79' title='bbox 610 1614 655 1689; x_wconf 90' lang='lat' dir='ltr'>ad</span> <span class='ocrx_word' id='word_1_80' title='bbox 685 1614 781 1712; x_wconf 87' lang='lat' dir='ltr'>cujus</span> <span class='ocrx_word' id='word_1_81' title='bbox 827 1613 1073 1690; x_wconf 87' lang='lat' dir='ltr'>resolutionem</span> <span class='ocrx_word' id='word_1_82' title='bbox 1104 1613 1281 1688; x_wconf 76' lang='lat' dir='ltr'>Seffiones</span> <span class='ocrx_word' id='word_1_83' title='bbox 1314 1615 1383 1687; x_wconf 89' lang='lat' dir='ltr'>Co-</span> 
     </span>
     <span class='ocr_line' id='line_1_15' title="bbox 485 1709 1381 1810; baseline -0.006 -23"><span class='ocrx_word' id='word_1_84' title='bbox 485 1711 574 1787; x_wconf 79' lang='lat' dir='ltr'>nicae</span> <span class='ocrx_word' id='word_1_85' title='bbox 607 1709 834 1810; x_wconf 81' lang='lat' dir='ltr'>requiruntur.</span> <span class='ocrx_word' id='word_1_86' title='bbox 902 1716 1030 1784; x_wconf 77' lang='lat' dir='ltr'>Lineare</span> <span class='ocrx_word' id='word_1_87' title='bbox 1066 1711 1241 1810; x_wconf 90' lang='lat' dir='ltr'>denique,</span> <span class='ocrx_word' id='word_1_88' title='bbox 1309 1710 1381 1784; x_wconf 89' lang='lat' dir='ltr'>uod</span> 
     </span>
     <span class='ocr_line' id='line_1_16' title="bbox 486 1735 1383 1906; baseline 0 -26"><span class='ocrx_word' id='word_1_89' title='bbox 486 1826 612 1904; x_wconf 73' lang='lat' dir='ltr'>prater</span> <span class='ocrx_word' id='word_1_90' title='bbox 648 1809 714 1881; x_wconf 86' lang='lat' dir='ltr'>&#39;am</span> <span class='ocrx_word' id='word_1_91' title='bbox 746 1807 853 1881; x_wconf 68' lang='lat' dir='ltr'>distas</span> <span class='ocrx_word' id='word_1_92' title='bbox 890 1808 996 1884; x_wconf 86' lang='lat' dir='ltr'>lineas</span> <span class='ocrx_word' id='word_1_93' title='bbox 1029 1809 1111 1882; x_wconf 84' lang='lat' dir='ltr'>alias</span> <span class='ocrx_word' id='word_1_94' title='bbox 1135 1808 1242 1906; x_wconf 82' lang='lat' dir='ltr'>etiam</span> <span class='ocrx_word' id='word_1_95' title='bbox 1265 1735 1308 1882; x_wconf 67' lang='lat' dir='ltr'>ai</span> <span class='ocrx_word' id='word_1_96' title='bbox 1332 1807 1383 1881; x_wconf 91' lang='lat' dir='ltr'>sui</span> 
     </span>
     <span class='ocr_line' id='line_1_17' title="bbox 488 1903 1384 1980; baseline -0.003 -2"><span class='ocrx_word' id='word_1_97' title='bbox 488 1903 629 1978; x_wconf 84' lang='lat' dir='ltr'>constru</span> <span class='ocrx_word' id='word_1_98' title='bbox 665 1904 782 1980; x_wconf 85' lang='lat' dir='ltr'>‘ouem</span> <span class='ocrx_word' id='word_1_99' title='bbox 814 1903 991 1980; x_wconf 83' lang='lat' dir='ltr'>defiderat.</span> <span class='ocrx_word' id='word_1_100' title='bbox 1042 1906 1096 1979; x_wconf 84' lang='lat' dir='ltr'>Ex</span> <span class='ocrx_word' id='word_1_101' title='bbox 1126 1904 1180 1977; x_wconf 83' lang='lat' dir='ltr'>his</span> <span class='ocrx_word' id='word_1_102' title='bbox 1208 1927 1293 1979; x_wconf 86' lang='lat' dir='ltr'>vero</span> <span class='ocrx_word' id='word_1_103' title='bbox 1325 1903 1384 1976; x_wconf 90' lang='lat' dir='ltr'>tri·</span> 
     </span>
     <span class='ocr_line' id='line_1_18' title="bbox 486 2001 1384 2112; baseline -0.002 -36"><span class='ocrx_word' id='word_1_104' title='bbox 486 2003 552 2078; x_wconf 79' lang='lat' dir='ltr'>bur</span> <span class='ocrx_word' id='word_1_105' title='bbox 581 2004 836 2076; x_wconf 83' lang='lat' dir='ltr'>Problematum</span> <span class='ocrx_word' id='word_1_106' title='bbox 869 2001 1070 2098; x_wconf 83' lang='lat' dir='ltr'>speciebus,</span> <span class='ocrx_word' id='word_1_107' title='bbox 1102 2001 1216 2112; x_wconf 82' lang='lat' dir='ltr'>prima</span> <span class='ocrx_word' id='word_1_108' title='bbox 1249 2019 1384 2074; x_wconf 87' lang='lat' dir='ltr'>tantum</span> 
     </span>
     <span class='ocr_line' id='line_1_19' title="bbox 486 2097 1383 2194; baseline -0.001 -22"><span class='ocrx_word' id='word_1_109' title='bbox 486 2097 524 2172; x_wconf 87' lang='lat' dir='ltr'>iu</span> <span class='ocrx_word' id='word_1_110' title='bbox 566 2099 756 2174; x_wconf 86' lang='lat' dir='ltr'>Elementis</span> <span class='ocrx_word' id='word_1_111' title='bbox 796 2097 967 2175; x_wconf 87' lang='lat' dir='ltr'>Euclideis</span> <span class='ocrx_word' id='word_1_112' title='bbox 1007 2119 1209 2194; x_wconf 69' lang='lat' dir='ltr'>terrentur,</span> <span class='ocrx_word' id='word_1_113' title='bbox 1257 2097 1383 2171; x_wconf 82' lang='lat' dir='ltr'>omiffit</span> 
     </span>
     <span class='ocr_line' id='line_1_20' title="bbox 486 2193 1383 2294; baseline -0.006 -23"><span class='ocrx_word' id='word_1_114' title='bbox 486 2197 617 2272; x_wconf 87' lang='lat' dir='ltr'>duabus</span> <span class='ocrx_word' id='word_1_115' title='bbox 648 2196 795 2294; x_wconf 84' lang='lat' dir='ltr'>reliquis.</span> <span class='ocrx_word' id='word_1_116' title='bbox 847 2197 1062 2270; x_wconf 85' lang='lat' dir='ltr'>Problemata</span> <span class='ocrx_word' id='word_1_117' title='bbox 1093 2193 1241 2268; x_wconf 86' lang='lat' dir='ltr'>Euclidis</span> <span class='ocrx_word' id='word_1_118' title='bbox 1272 2195 1383 2290; x_wconf 85' lang='lat' dir='ltr'>dupli·</span> 
     </span>
     <span class='ocr_line' id='line_1_21' title="bbox 486 2291 1378 2384; baseline -0.001 -17"><span class='ocrx_word' id='word_1_119' title='bbox 486 2293 542 2370; x_wconf 86' lang='lat' dir='ltr'>cia</span> <span class='ocrx_word' id='word_1_120' title='bbox 573 2293 680 2384; x_wconf 86' lang='lat' dir='ltr'>sunt,</span> <span class='ocrx_word' id='word_1_121' title='bbox 721 2294 777 2368; x_wconf 92' lang='lat' dir='ltr'>vel</span> <span class='ocrx_word' id='word_1_122' title='bbox 809 2292 1004 2366; x_wconf 58' lang='lat' dir='ltr'>drumm</span> <span class='ocrx_word' id='word_1_123' title='bbox 1034 2292 1090 2366; x_wconf 85' lang='lat' dir='ltr'>vei</span> <span class='ocrx_word' id='word_1_124' title='bbox 1138 2291 1378 2366; x_wconf 75' lang='lat' dir='ltr'>indaernrinatae.</span> 
     </span>
     <span class='ocr_line' id='line_1_22' title="bbox 490 2389 1383 2487; baseline -0.004 -21"><span class='ocrx_word' id='word_1_125' title='bbox 490 2395 700 2466; x_wconf 79' lang='lat' dir='ltr'>Determinara</span> <span class='ocrx_word' id='word_1_126' title='bbox 723 2389 822 2482; x_wconf 88' lang='lat' dir='ltr'>sunt,</span> <span class='ocrx_word' id='word_1_127' title='bbox 878 2391 1103 2487; x_wconf 86' lang='lat' dir='ltr'>ropofitiones</span> <span class='ocrx_word' id='word_1_128' title='bbox 1128 2413 1202 2486; x_wconf 83' lang='lat' dir='ltr'>quae</span> <span class='ocrx_word' id='word_1_129' title='bbox 1226 2411 1306 2460; x_wconf 88' lang='lat' dir='ltr'>cum</span> <span class='ocrx_word' id='word_1_130' title='bbox 1329 2409 1383 2462; x_wconf 88' lang='lat' dir='ltr'>re·</span> 
     </span>
     <span class='ocr_line' id='line_1_23' title="bbox 488 2485 1380 2584; baseline -0.009 -22"><span class='ocrx_word' id='word_1_131' title='bbox 488 2487 664 2564; x_wconf 73' lang='lat' dir='ltr'>stritiioue</span> <span class='ocrx_word' id='word_1_132' title='bbox 688 2488 764 2562; x_wconf 80' lang='lat' dir='ltr'>fieri</span> <span class='ocrx_word' id='word_1_133' title='bbox 787 2485 843 2584; x_wconf 92' lang='lat' dir='ltr'>po</span> <span class='ocrx_word' id='word_1_134' title='bbox 864 2511 948 2574; x_wconf 85' lang='lat' dir='ltr'>unt,</span> <span class='ocrx_word' id='word_1_135' title='bbox 983 2487 1033 2560; x_wconf 89' lang='lat' dir='ltr'>uti</span> <span class='ocrx_word' id='word_1_136' title='bbox 1057 2485 1108 2560; x_wconf 91' lang='lat' dir='ltr'>est</span> <span class='ocrx_word' id='word_1_137' title='bbox 1134 2509 1189 2560; x_wconf 81' lang='lat'>22.</span> <span class='ocrx_word' id='word_1_138' title='bbox 1229 2487 1380 2556; x_wconf 74' lang='lat' dir='ltr'>Elmenri</span> 
     </span>
     <span class='ocr_line' id='line_1_24' title="bbox 486 2581 1380 2681; baseline -0.008 -21"><span class='ocrx_word' id='word_1_139' title='bbox 486 2587 515 2660; x_wconf 93' lang='grc' dir='ltr'>Ι.</span> <span class='ocrx_word' id='word_1_140' title='bbox 564 2587 618 2659; x_wconf 83' lang='lat' dir='ltr'>Ex</span> <span class='ocrx_word' id='word_1_141' title='bbox 650 2587 756 2660; x_wconf 88' lang='lat' dir='ltr'>tribus</span> <span class='ocrx_word' id='word_1_142' title='bbox 787 2583 887 2658; x_wconf 70' lang='lat' dir='ltr'>reiiis</span> <span class='ocrx_word' id='word_1_143' title='bbox 920 2584 1043 2676; x_wconf 77' lang='lat' dir='ltr'>lineis,</span> <span class='ocrx_word' id='word_1_144' title='bbox 1075 2581 1150 2681; x_wconf 72' lang='lat' dir='ltr'>‘quae</span> <span class='ocrx_word' id='word_1_145' title='bbox 1175 2581 1249 2657; x_wconf 84' lang='lat' dir='ltr'>sunt</span> <span class='ocrx_word' id='word_1_146' title='bbox 1273 2581 1380 2654; x_wconf 81' lang='lat' dir='ltr'>tribus</span> 
     </span>
     <span class='ocr_line' id='line_1_25' title="bbox 488 2679 1382 2781; baseline 0 -28"><span class='ocrx_word' id='word_1_147' title='bbox 488 2680 576 2754; x_wconf 90' lang='lat' dir='ltr'>datis</span> <span class='ocrx_word' id='word_1_148' title='bbox 602 2679 703 2761; x_wconf 68' lang='lat' dir='ltr'>retiis</span> <span class='ocrx_word' id='word_1_149' title='bbox 726 2681 825 2755; x_wconf 86' lang='lat' dir='ltr'>lineis</span> <span class='ocrx_word' id='word_1_150' title='bbox 849 2683 994 2781; x_wconf 83' lang='lat' dir='ltr'>aequales</span> <span class='ocrx_word' id='word_1_151' title='bbox 1019 2739 1029 2769; x_wconf 89' lang='lat'><strong>‚</strong></span> <span class='ocrx_word' id='word_1_152' title='bbox 1070 2680 1274 2778; x_wconf 78' lang='lat' dir='ltr'>triangulum</span> <span class='ocrx_word' id='word_1_153' title='bbox 1299 2701 1382 2753; x_wconf 88' lang='lat' dir='ltr'>con·</span> 
     </span>
     <span class='ocr_line' id='line_1_26' title="bbox 425 2775 1383 2870; baseline -0.002 -20"><span class='ocrx_word' id='word_1_154' title='bbox 425 2775 429 2786; x_wconf 88' lang='lat'>&#39;</span> <span class='ocrx_word' id='word_1_155' title='bbox 488 2775 657 2867; x_wconf 81' lang='lat' dir='ltr'>stituere3</span> <span class='ocrx_word' id='word_1_156' title='bbox 689 2778 745 2851; x_wconf 93' lang='lat' dir='ltr'>ubi</span> <span class='ocrx_word' id='word_1_157' title='bbox 775 2777 909 2852; x_wconf 82' lang='lat' dir='ltr'>additur</span> <span class='ocrx_word' id='word_1_158' title='bbox 939 2779 1014 2854; x_wconf 82' lang='lat' dir='ltr'>haec</span> <span class='ocrx_word' id='word_1_159' title='bbox 1045 2777 1249 2865; x_wconf 61' lang='lat' dir='ltr'>restriiiiot</span> <span class='ocrx_word' id='word_1_160' title='bbox 1267 2799 1383 2870; x_wconf 87' lang='lat' dir='ltr'>opor·</span> 
     </span>
    </p>
   </div>
   <div class='ocr_carea' id='block_1_3' title="bbox 253 2859 1383 2974">
    <p class='ocr_par' dir='ltr' id='par_1_4' title="bbox 253 2859 1383 2974">
     <span class='ocr_line' id='line_1_27' title="bbox 253 2859 1383 2974; baseline -0.004 -23"><span class='ocrx_word' id='word_1_161' title='bbox 253 2859 256 2866; x_wconf 39' lang='lat'>⁵</span> <span class='ocrx_word' id='word_1_162' title='bbox 335 2937 339 2944; x_wconf 95' lang='lat'>.</span> <span class='ocrx_word' id='word_1_163' title='bbox 489 2893 542 2950; x_wconf 84' lang='lat' dir='ltr'>tet</span> <span class='ocrx_word' id='word_1_164' title='bbox 573 2897 689 2949; x_wconf 86' lang='lat' dir='ltr'>autem</span> <span class='ocrx_word' id='word_1_165' title='bbox 720 2875 803 2948; x_wconf 87' lang='lat' dir='ltr'>duas</span> <span class='ocrx_word' id='word_1_166' title='bbox 835 2877 964 2974; x_wconf 85' lang='lat' dir='ltr'>reliqua</span> <span class='ocrx_word' id='word_1_167' title='bbox 994 2873 1062 2948; x_wconf 83' lang='lat' dir='ltr'>effe</span> <span class='ocrx_word' id='word_1_168' title='bbox 1093 2876 1240 2970; x_wconf 84' lang='lat' dir='ltr'>majores</span> <span class='ocrx_word' id='word_1_169' title='bbox 1272 2873 1383 2946; x_wconf 87' lang='lat' dir='ltr'>omni·</span> 
     </span>
    </p>
   </div>
   <div class='ocr_carea' id='block_1_4' title="bbox 485 2969 1386 3374">
    <p class='ocr_par' dir='ltr' id='par_1_5' title="bbox 485 2969 1386 3374">
     <span class='ocr_line' id='line_1_28' title="bbox 489 2969 1382 3070; baseline -0.001 -24"><span class='ocrx_word' id='word_1_170' title='bbox 489 2969 613 3046; x_wconf 77' lang='lat' dir='ltr'>fariam</span> <span class='ocrx_word' id='word_1_171' title='bbox 637 2971 772 3048; x_wconf 79' lang='lat' dir='ltr'>sumtus.</span> <span class='ocrx_word' id='word_1_172' title='bbox 823 2975 1058 3044; x_wconf 74' lang='lat' dir='ltr'>Indeserminata</span> <span class='ocrx_word' id='word_1_173' title='bbox 1082 2970 1156 3045; x_wconf 85' lang='lat' dir='ltr'>sunt</span> <span class='ocrx_word' id='word_1_174' title='bbox 1178 2969 1382 3070; x_wconf 79' lang='lat' dir='ltr'>proposuio</span> 
     </span>
     <span class='ocr_line' id='line_1_29' title="bbox 488 3066 1386 3168; baseline -0.01 -24"><span class='ocrx_word' id='word_1_175' title='bbox 488 3093 576 3158; x_wconf 85' lang='lat' dir='ltr'>nes,</span> <span class='ocrx_word' id='word_1_176' title='bbox 611 3094 686 3168; x_wconf 84' lang='lat' dir='ltr'>quae</span> <span class='ocrx_word' id='word_1_177' title='bbox 717 3070 950 3168; x_wconf 86' lang='lat' dir='ltr'>universaliter</span> <span class='ocrx_word' id='word_1_178' title='bbox 979 3070 1056 3142; x_wconf 88' lang='lat' dir='ltr'>fieri</span> <span class='ocrx_word' id='word_1_179' title='bbox 1087 3066 1232 3166; x_wconf 88' lang='lat' dir='ltr'>possunt.</span> <span class='ocrx_word' id='word_1_180' title='bbox 1284 3070 1319 3137; x_wconf 87' lang='lat' dir='ltr'><em>T</em></span> <span class='ocrx_word' id='word_1_181' title='bbox 1316 3069 1386 3138; x_wconf 79' lang='lat' dir='ltr'>heo.</span> 
     </span>
     <span class='ocr_line' id='line_1_30' title="bbox 485 3163 1384 3277; baseline -0.004 -35"><span class='ocrx_word' id='word_1_182' title='bbox 485 3193 570 3242; x_wconf 71' lang='lat' dir='ltr'>rena</span> <span class='ocrx_word' id='word_1_183' title='bbox 600 3166 652 3242; x_wconf 90' lang='lat' dir='ltr'>est</span> <span class='ocrx_word' id='word_1_184' title='bbox 682 3167 874 3264; x_wconf 86' lang='lat' dir='ltr'>Proposrtio</span> <span class='ocrx_word' id='word_1_185' title='bbox 906 3166 951 3241; x_wconf 84' lang='lat' dir='ltr'>ad</span> <span class='ocrx_word' id='word_1_186' title='bbox 973 3163 1280 3262; x_wconf 87' lang='lat' dir='ltr'>contemplandum</span> <span class='ocrx_word' id='word_1_187' title='bbox 1302 3189 1384 3277; x_wconf 80' lang='lat' dir='ltr'>pro·</span> 
     </span>
     <span class='ocr_line' id='line_1_31' title="bbox 487 3263 1383 3374; baseline 0 -36"><span class='ocrx_word' id='word_1_188' title='bbox 487 3263 624 3361; x_wconf 69' lang='lat' dir='ltr'>poma,</span> <span class='ocrx_word' id='word_1_189' title='bbox 653 3287 730 3373; x_wconf 75' lang='lat' dir='ltr'>quae</span> <span class='ocrx_word' id='word_1_190' title='bbox 762 3263 949 3360; x_wconf 84' lang='lat' dir='ltr'>paffionem</span> <span class='ocrx_word' id='word_1_191' title='bbox 981 3263 1154 3361; x_wconf 74' lang='lat' dir='ltr'>aliquam,</span> <span class='ocrx_word' id='word_1_192' title='bbox 1192 3283 1383 3374; x_wconf 71' lang='lat' dir='ltr'>propneta-</span> 
     </span>
    </p>
   </div>
   <div class='ocr_carea' id='block_1_5' title="bbox 343 3357 1382 3457">
    <p class='ocr_par' dir='ltr' id='par_1_6' title="bbox 343 3357 1382 3457">
     <span class='ocr_line' id='line_1_32' title="bbox 343 3357 1382 3457; baseline -0.008 -17"><span class='ocrx_word' id='word_1_193' title='bbox 343 3387 349 3396; x_wconf 91' lang='lat'><em>·</em></span> <span class='ocrx_word' id='word_1_194' title='bbox 487 3383 606 3438; x_wconf 89' lang='lat' dir='ltr'>temve</span> <span class='ocrx_word' id='word_1_195' title='bbox 639 3383 771 3450; x_wconf 83' lang='lat' dir='ltr'>umus,</span> <span class='ocrx_word' id='word_1_196' title='bbox 815 3361 871 3436; x_wconf 89' lang='lat' dir='ltr'>vel</span> <span class='ocrx_word' id='word_1_197' title='bbox 905 3361 1053 3457; x_wconf 87' lang='lat' dir='ltr'>plurium</span> <span class='ocrx_word' id='word_1_198' title='bbox 1086 3357 1183 3434; x_wconf 69' lang='lat' dir='ltr'>timul</span> <span class='ocrx_word' id='word_1_199' title='bbox 1215 3380 1382 3456; x_wconf 85' lang='lat' dir='ltr'>quauuta·</span> 
     </span>
    </p>
   </div>
   <div class='ocr_carea' id='block_1_6' title="bbox 481 3455 1387 3822">
    <p class='ocr_par' dir='ltr' id='par_1_7' title="bbox 481 3455 1387 3822">
     <span class='ocr_line' id='line_1_33' title="bbox 485 3455 1385 3626; baseline 0 -94"><span class='ocrx_word' id='word_1_200' title='bbox 485 3477 560 3532; x_wconf 89' lang='lat' dir='ltr'>tum</span> <span class='ocrx_word' id='word_1_201' title='bbox 592 3457 692 3546; x_wconf 87' lang='lat' dir='ltr'>edit;</span> <span class='ocrx_word' id='word_1_202' title='bbox 725 3455 821 3531; x_wconf 88' lang='lat' dir='ltr'>ficuti</span> <span class='ocrx_word' id='word_1_203' title='bbox 852 3457 1043 3626; x_wconf 46' lang='lat' dir='ltr'>Profitosrtio</span> <span class='ocrx_word' id='word_1_204' title='bbox 1073 3457 1181 3548; x_wconf 75' lang='lat' dir='ltr'>huc,</span> <span class='ocrx_word' id='word_1_205' title='bbox 1220 3457 1314 3556; x_wconf 90' lang='lat' dir='ltr'>quod</span> <span class='ocrx_word' id='word_1_206' title='bbox 1347 3455 1385 3532; x_wconf 77' lang='lat' dir='ltr'>itt</span> 
     </span>
     <span class='ocr_line' id='line_1_34' title="bbox 485 3552 1386 3654; baseline -0.001 -24"><span class='ocrx_word' id='word_1_207' title='bbox 485 3553 583 3630; x_wconf 89' lang='lat' dir='ltr'>omni</span> <span class='ocrx_word' id='word_1_208' title='bbox 616 3555 807 3654; x_wconf 86' lang='lat' dir='ltr'>Triangulo</span> <span class='ocrx_word' id='word_1_209' title='bbox 839 3553 924 3630; x_wconf 67' lang='lat' dir='ltr'>reiii</span> <span class='ocrx_word' id='word_1_210' title='bbox 937 3555 1017 3628; x_wconf 87' lang='lat' dir='ltr'>ineo</span> <span class='ocrx_word' id='word_1_211' title='bbox 1049 3573 1119 3628; x_wconf 82' lang='lat' dir='ltr'>tres</span> <span class='ocrx_word' id='word_1_212' title='bbox 1150 3553 1264 3653; x_wconf 79' lang='lat' dir='ltr'>arguti</span> <span class='ocrx_word' id='word_1_213' title='bbox 1288 3552 1386 3629; x_wconf 86' lang='lat' dir='ltr'>fimul</span> 
     </span>
     <span class='ocr_line' id='line_1_35' title="bbox 481 3651 1387 3822; baseline -0.006 -92"><span class='ocrx_word' id='word_1_214' title='bbox 481 3651 584 3730; x_wconf 81' lang='lat' dir='ltr'>sumti</span> <span class='ocrx_word' id='word_1_215' title='bbox 606 3651 682 3730; x_wconf 88' lang='lat' dir='ltr'>suut</span> <span class='ocrx_word' id='word_1_216' title='bbox 704 3653 849 3754; x_wconf 74' lang='lat' dir='ltr'>aequales</span> <span class='ocrx_word' id='word_1_217' title='bbox 871 3651 1005 3728; x_wconf 71' lang='lat' dir='ltr'>duobus</span> <span class='ocrx_word' id='word_1_218' title='bbox 1028 3651 1129 3730; x_wconf 72' lang='lat' dir='ltr'>reem</span> <span class='ocrx_word' id='word_1_219' title='bbox 1150 3705 1177 3790; x_wconf 23' lang='grc' dir='ltr'>,Ι</span> <span class='ocrx_word' id='word_1_220' title='bbox 1194 3671 1266 3729; x_wconf 90' lang='lat' dir='ltr'>non</span> <span class='ocrx_word' id='word_1_221' title='bbox 1282 3651 1387 3822; x_wconf 46' lang='lat' dir='ltr'>juzei}</span> 
     </span>
    </p>
   </div>
   <div class='ocr_carea' id='block_1_7' title="bbox 0 0 1531 4864">
    <p class='ocr_par' dir='ltr' id='par_1_8' title="bbox 0 0 1531 4864">
     <span class='ocr_line' id='line_1_36' title="bbox 0 0 1531 4864; baseline 0 0"><span class='ocrx_word' id='word_1_222' title='bbox 0 0 1531 4864; x_wconf 95' lang='lat' dir='ltr'> </span> 
     </span>
    </p>
   </div>
  </div>
 </body>
</html>
