3030 4864
473 241 1316 446 ⁸anuarino·

407 623 461 689 ro
516 579 641 682 lioeae
692 590 806 682 inter
845 576 885 680 se
928 578 1308 686 confunderentur

405 717 664 856 majusculas
728 719 906 856 depinxi
945 761 962 840 5
1022 758 1074 822 ac
1120 753 1222 861 quae
1250 722 1308 822 ad

407 855 652 965 solidorum
693 855 866 960 ducunt
908 867 1159 982 notitiam,
1206 897 1306 998 que

404 1008 457 1101 iu
507 997 724 1135 prioribus
781 993 1101 1118 Editionibus,
1161 1011 1311 1135 praeci·

401 1170 496 1276 pue
545 1169 644 1273 quae
682 1143 731 1235 in
770 1129 915 1236 forma
953 1140 1135 1253 odlnva,
1174 1170 1224 1234 ut
1262 1172 1311 1236 a·

402 1284 550 1408 ¹junt,
613 1267 712 1372 sunt
748 1348 764 1392 ,
832 1268 1022 1381 confusae
1060 1310 1111 1370 ac
1148 1270 1311 1376 vitiost

400 1403 664 1531 ,admodum
745 1445 928 1533 erant;
1021 1407 1311 1512 distindtiores

398 1549 562 1674 -multo
601 1548 870 1670 elaboravi,
932 1581 980 1647 ut
1018 1557 1220 1682 Tyrones
1258 1547 1311 1648 sr-

404 1693 461 1800 ¹bi
510 1698 652 1826 magis
715 1685 860 1785 vivide
929 1690 1348 1786 coustrudlionem

415 1825 656 1960 figurarum
754 1821 1055 1960 repraesentare
1133 1821 1308 1962 polllnr.
1394 1852 1396 1860 ’

407 1955 586 2064 ¹Interea
634 1957 783 2061 sedulo
821 1971 955 2078 cavi,
1006 1998 1055 2061 ut
1083 1963 1235 2063 litterae
1263 1973 1309 2062 in

415 2096 567 2240 figuris
614 2095 811 2235 exptella:
862 2100 1171 2234 responderent
1220 2112 1312 2220 iis,

416 2276 516 2380 quae
569 2245 616 2338 in
652 2239 1125 2342 Demonstrationibus
1158 2273 1314 2356 occur-

308 2418 310 2424 ·
417 2409 535 2478 runt.
604 2386 766 2512 Septimo
813 2371 878 2474 his
931 2373 1167 2476 Elememis
1204 2412 1315 2513 prae·

419 2509 664 2634 mifimus,
710 2517 975 2612 Historicam
1015 2523 1314 2614 narrationem

419 2657 600 2753 brevem
649 2649 705 2748 de
758 2652 948 2750 Euclidir
989 2663 1114 2771 vita,
1157 2685 1208 2750 ac
1256 2660 1315 2750 E·

421 2787 676 2905 lementis,
748 2787 803 2884 de
860 2825 949 2926 qua
1010 2825 1163 2889 tamen
1221 2821 1318 2887 non

422 2925 620 3030 multum
655 2923 851 3062 polliceri
895 2925 1156 3046 audemus,
1202 2963 1322 3066 quo·

406 3079 546 3194 ‚niam
608 3099 728 3166 extra
789 3065 940 3165 forum
993 3099 1151 3172 meum
1201 3067 1314 3186 est,
1379 3061 1382 3066 ’

422 3235 670 3307 accuratam
739 3240 792 3332 ac
851 3203 1065 3306 omnibus
1126 3212 1322 3304 numeris

422 3339 666 3444 ablolutam
713 3339 878 3442 tradere
917 3339 1175 3464 historiam,
1212 3379 1321 3484 qua·

409 3465 471 3613 {re
521 3477 548 3581 a
587 3472 769 3582 tenore
809 3490 997 3582 comiter
1033 3490 1318 3622 expetimus,

409 3654 476 3756 ‚ut
526 3617 558 3720 fi
602 3619 717 3722 forte
736 3653 805 3736 ¹ea
845 3653 939 3725 non
979 3621 1203 3739 arrideat,
1249 3610 1321 3713 vel

1160 3787 1323 3858 errores
